2608 3184
249 709 538 792 Neminem
575 748 784 793 arbitror
818 750 923 793 iure
958 749 1121 793 mirari
1158 760 1323 807 posse,
1359 762 1496 800 eum,
1530 749 1605 792 cui
1640 746 1826 791 Latinae
1852 747 2028 807 linguae
2055 747 2368 793 Latinarum-

241 853 334 899 que
366 837 616 882 literarum
664 838 990 883 docendarum
1037 852 1212 881 munus
1258 838 1539 882 mandatum
1578 837 1666 888 sit,
1734 837 1795 880 de
1839 839 2149 897 grammatica
2191 838 2363 884 Latina

240 928 465 971 scribere.
567 926 734 987 Itaque
769 927 900 972 nulla
934 928 1243 972 excusatione
1277 942 1398 986 opus
1433 943 1536 971 esse
1572 933 1688 984 puto
1698 957 1715 978 ‚
1780 927 1909 987 quod
1955 928 2050 972 iam
2097 930 2361 974 secundum

240 1016 514 1062 huiusmodi
556 1017 806 1064 materiam
850 1017 1122 1077 scriptionis
1166 1016 1452 1063 academicae
1487 1015 1671 1078 delige,
1736 1015 2000 1063 dummodo
2046 1033 2104 1063 ea
2148 1016 2362 1072 afferam,

240 1121 348 1166 quae
393 1107 608 1153 nouitate
645 1106 805 1169 aliqua
852 1115 902 1154 et
934 1123 1098 1154 rerum
1130 1106 1385 1153 dubiarum
1421 1114 1505 1153 aut
1534 1108 1860 1166 ignoratarum
1889 1106 2211 1167 explicatione
2234 1107 2364 1154 hunc

235 1196 396 1241 locum
434 1199 606 1242 mereri
640 1197 914 1243 uideantur.
986 1195 1081 1241 Sed
1116 1201 1279 1240 tamen
1314 1196 1539 1256 quoniam
1575 1200 1715 1241 antea
1746 1211 1894 1242 unum
1929 1197 2167 1257 quendam
2200 1196 2359 1244 locum

238 1284 333 1330 late
383 1292 627 1345 patentem
686 1289 913 1332 continua
974 1286 1298 1345 disputatione
1343 1292 1623 1345 persecutus
1668 1301 1773 1331 sum
1798 1285 1866 1345 ¹),
1938 1302 2069 1332 nunc
2125 1286 2361 1333 miscellas

239 1374 598 1422 obseruationes
640 1383 689 1421 et
723 1377 1074 1421 admonitiones
1119 1389 1368 1434 propono,
1419 1376 1575 1420 dicam
1611 1374 1850 1432 breuiter,
1901 1378 1981 1437 qui
2030 1391 2107 1421 me
2138 1391 2277 1421 casus
2312 1384 2361 1422 et

239 1465 299 1509 ad
334 1464 426 1510 hoc
463 1468 733 1526 argumenti
769 1481 920 1527 genus
956 1472 1006 1511 et
1040 1465 1102 1511 ad
1137 1464 1263 1511 hano
1310 1464 1551 1511 scribendi
1588 1464 1797 1511 formam
1833 1464 1926 1510 hoc
1962 1473 2180 1525 tempore
2215 1467 2361 1512 detu—

239 1553 365 1604 lerit.
443 1554 646 1601 Carolus
689 1556 968 1614 ZumptiuS‚
1030 1553 1276 1616 professor
1319 1554 1670 1612 Berolinensis‚
1720 1556 1795 1600 uir
1837 1553 2155 1609 clarissimus,
2211 1572 2359 1616 quum

237 1645 597 1705 grammaticam
632 1660 769 1691 suam
805 1645 1030 1691 Latinam
1065 1646 1324 1706 septimum
1359 1645 1584 1690 edidisset
1616 1649 1678 1708 (a.
1717 1646 1895 1708 1834),
1928 1647 2068 1705 petiit
2096 1660 2125 1690 a
2161 1661 2255 1700 me,
2290 1654 2360 1701 ut,

239 1735 279 1780 si
315 1735 429 1795 quid
467 1732 592 1780 forte
627 1734 746 1782 mihi
786 1733 966 1781 librum
1014 1734 1257 1781 euoluenti
1300 1736 1611 1793 occurrisset,
1671 1734 1800 1795 quod
1840 1736 2123 1781 mutandum
2172 1752 2360 1798 augen-

238 1824 418 1870 dumue
450 1830 696 1885 putarem,
740 1826 785 1871 ei
820 1824 1150 1886 significarem.
1218 1822 1432 1883 Accidit,
1486 1831 1540 1870 ut
1572 1822 1716 1885 paulo
1749 1830 1882 1883 post,
1928 1832 2098 1871 aestate
2132 1842 2175 1872 a.
2215 1833 2359 1884 1835,

238 1914 299 1960 de
330 1914 518 1961 selectis
551 1914 833 1976 quibusdam
882 1914 1000 1960 locis
1036 1915 1362 1977 grammaticae
1388 1913 1575 1961 Latinae
1622 1912 1810 1960 scholas
1856 1915 2154 1962 academicas
2201 1915 2358 1963 habe-

237 2020 368 2065 rem3
431 2021 635 2068 quarum
682 2021 969 2067 quamquam
1004 2010 1107 2051 tota
1145 2005 1267 2051 ratio
1302 2002 1394 2050 alia
1429 2005 1650 2067 quaedam
1685 2019 1790 2050 esse
1835 2003 2044 2051 debebat
2074 2022 2218 2069 quam
2249 2023 2357 2069 quae

235 2096 294 2141 iis
328 2094 462 2142 libris
506 2096 756 2155 conuenit,
812 2097 893 2157 qui
937 2093 1237 2140 scholasticae
1280 2095 1596 2142 institutionis
1643 2110 1790 2140 causa
1823 2094 2123 2153 scribuntur,
2184 2096 2355 2159 (qualis

234 2192 394 2231 autem
430 2185 601 2244 fuerit,
658 2202 719 2232 ex
752 2185 834 2231 illa
863 2187 925 2231 de
957 2200 1046 2231 usu
1081 2191 1131 2231 et
1158 2190 1329 2231 natura
1364 2183 1631 2232 formarum
1676 2185 1975 2246 quarundam
2012 2186 2152 2233 uerbi
2195 2186 2359 2235 Latini

238 2275 587 2335 disputatione,
618 2275 820 2337 intelligi
848 2274 952 2322 fere
982 2280 1141 2337 potest
1154 2272 1186 2334 ‚)
1220 2280 1407 2335 tamen,
1440 2290 1588 2337 quum
1623 2289 1980 2335 compararem,
2013 2276 2130 2337 quid
2164 2292 2356 2340 quaque

237 2365 298 2411 de
335 2379 389 2411 re
421 2363 566 2426 uolgo
598 2365 650 2411 in
685 2365 1032 2425 probatissimis
1079 2363 1215 2412 libris
1250 2365 1552 2424 traderetur,
1616 2371 1667 2411 et
1710 2365 1759 2411 in
1793 2380 1850 2409 eo
1880 2366 2075 2427 negotio
2111 2364 2190 2413 uel
2222 2381 2358 2428 prae-

234 2455 376 2516 cipue
396 2454 606 2516 Zumptii
637 2453 814 2502 librum
847 2454 1127 2502 adhiberem
1163 2471 1308 2518 quum
1332 2461 1531 2517 propter
1560 2455 1688 2502 bona
1720 2455 1822 2500 eius
1851 2461 1958 2502 tum
1989 2462 2189 2519 propter
2212 2473 2353 2505 usum

235 2545 333 2591 late
372 2552 712 2609 peruagatum‚
773 2545 1155 2592 subnascebatur
1192 2547 1396 2593 materia
1435 2546 1593 2609 aliqua
1638 2545 2031 2593 obseruationum
2073 2554 2124 2594 et
2148 2549 2356 2594 adnota-

233 2637 422 2683 tionum
457 2636 518 2683 de
550 2636 786 2683 eiusmodi
819 2635 985 2695 rebus,
1053 2650 1160 2698 quae
1194 2650 1293 2682 non
1327 2637 1379 2682 in
1412 2635 1504 2683 hoc
1534 2634 1611 2682 uel
1647 2633 1730 2681 illo
1772 2633 1925 2695 libro,
1993 2638 2078 2685 sed
2111 2639 2352 2685 communi

323 2840 356 2881 1)
414 2835 472 2873 De
492 2834 700 2874 formarum
722 2836 958 2884 quarundam
983 2834 1095 2873 uerbi
1114 2834 1237 2872 Latini
1258 2842 1391 2873 natura
1421 2842 1459 2872 et
1490 2846 1575 2872 usu.
1631 2835 1720 2872 1855
1740 2843 1777 2873 et
1804 2836 1904 2874 1836.
