2608 3184
304 37 339 86 4

235 179 447 243 quodam
489 190 655 222 errore
699 189 798 222 non
838 183 971 222 recte
1013 176 1139 223 tradi
1183 176 1495 230 uiderentur,
1559 181 1610 221 et
1655 191 1762 237 quse
1801 178 2060 238 separatim
2101 176 2367 239 particula-

234 271 421 331 timque
455 265 633 327 corrigi
663 273 875 327 possent.
945 266 1110 328 Itaque
1145 282 1293 328 quum
1323 268 1525 326 scirem,
1576 264 1857 326 Zumptium
1893 273 2111 316 octavam
2147 266 2259 315 libri
2293 270 2367 315 sui

235 358 499 406 editionem
542 371 741 417 parare,
797 357 988 403 decrevi
1032 371 1095 402 ex
1140 355 1217 403 his
1262 357 1483 418 quaedam
1531 353 1732 416 seligere
1782 371 2047 419 eorumque
2092 359 2138 405 ei
2181 358 2367 419 copiam

233 446 414 507 facere,
441 447 483 493 si
519 447 592 493 uti
623 444 785 494 uellet.
854 444 1009 492 Simul
1045 451 1224 504 autem,
1259 446 1387 507 quod
1424 461 1481 492 ea
1516 451 1600 493 aut
1633 460 1661 491 a
1691 429 2029 494 communibus
2063 447 2369 509 opinionibus

235 536 594 591 abhorrebant,
637 542 722 581 aut
755 536 999 582 interdum
1033 535 1335 596 attingebant
1368 542 1587 582 veterum
1617 537 1906 596 scriptorum
1941 534 2072 582 locos
2106 553 2206 584 non
2235 545 2368 585 recte

236 635 324 675 aut
357 627 561 688 scriptos
596 631 680 671 aut
715 624 1015 684 intellectos,
1076 627 1289 671 rationes
1320 631 1369 670 et
1404 640 1595 670 caussas
1628 626 1949 685 iudiciorum,
2016 642 2123 688 quae
2152 629 2203 674 in
2233 628 2368 674 eius-

232 718 369 765 modi
390 716 518 763 libro
552 715 786 776 explicari
820 731 919 761 non
941 721 1152 775 possent,
1190 713 1377 774 plenius
1412 714 1781 774 perscribendas
1816 707 2075 776 putabam,
2108 722 2177 775 ut,
2213 733 2363 779 quum

234 823 307 854 eae
343 805 459 854 alibi
492 805 637 852 editae
672 811 860 864 essent,
927 810 1034 850 tuto
1068 819 1270 849 summae
1304 805 1422 864 ipsoe
1457 805 1809 850 sententiarum
1852 805 1951 852 illic
1994 807 2110 868 poni
2154 815 2364 867 possent.

236 898 407 960 Itaque
439 894 552 942 feci.
621 895 719 940 Sed
754 908 899 955 quum
939 894 1076 938 tarde
1109 908 1212 938 rem
1247 908 1459 954 agerem,
1491 899 1597 938 tum
1634 895 1828 940 demum
1865 896 2046 943 chartae
2080 896 2173 942 illae
2206 897 2368 942 Bero-

232 987 390 1035 linum
423 990 689 1042 uenerunt,
737 998 886 1044 quum
918 982 1131 1042 Zumptii
1163 982 1287 1028 liber
1311 984 1409 1028 iam
1441 983 1569 1043 typis
1607 983 1873 1043 descriptus
1908 992 2059 1045 esset,
2110 993 2165 1031 ut
2197 987 2256 1033 iis
2292 990 2365 1033 uti

233 1093 334 1125 non
371 1082 563 1137 posset,
614 1075 705 1120 nisi
739 1075 790 1119 in
815 1088 913 1118 uno
950 1071 1065 1118 folio
1100 1073 1229 1133 typis
1263 1073 1468 1119 reddito.
1551 1072 1657 1134 Ego
1692 1080 1879 1133 autem,
1933 1090 2080 1136 quum
2107 1075 2200 1122 hoc
2233 1083 2365 1124 tem-

231 1181 354 1229 pore
388 1164 570 1227 aliquid
604 1162 848 1210 edendum
883 1161 1003 1208 mihi
1046 1163 1139 1217 sit,
1208 1178 1353 1209 omne
1398 1169 1562 1208 autem
1607 1168 1831 1223 tempus,
1901 1164 2028 1225 quod
2077 1179 2105 1210 a
2151 1167 2365 1213 muneris

232 1253 417 1317 publici
451 1253 655 1315 negotiis
702 1257 947 1313 superest,
1011 1250 1132 1297 alius
1178 1250 1317 1297 labor
1354 1252 1537 1297 dudum
1582 1257 1833 1314 susceptus
1884 1253 2121 1314 uindicet,
2186 1257 2367 1316 paratis

232 1345 469 1391 utendum
492 1348 639 1401 ratus,
669 1341 897 1403 quoniam
923 1354 1054 1385 noua
1075 1341 1262 1385 institui
1286 1346 1334 1385 et
1356 1340 1523 1400 perfici
1546 1354 1643 1385 non
1664 1348 1887 1400 possunt,
1921 1343 2151 1388 maiorem
2176 1350 2364 1403 partem

231 1433 427 1481 illorum
451 1447 558 1496 quoe
580 1437 685 1476 tum
706 1428 896 1491 plenius
921 1430 1308 1490 perscripseram,
1337 1428 1583 1474 nonnullis
1607 1430 1813 1490 demptis
1833 1436 1917 1475 aut
1938 1431 2125 1489 additis,
2158 1431 2238 1477 hic
2256 1434 2362 1478 edo.

230 1524 337 1571 Nec
372 1538 520 1585 quum
556 1521 649 1567 hac
683 1521 778 1566 sim
811 1534 930 1565 usus
964 1518 1264 1580 praefatione,
1300 1521 1558 1581 quaesitum
1592 1520 1651 1565 iri
1686 1520 1845 1577 credo,
1884 1535 1984 1577 cur,
2019 1521 2195 1567 omissa
2229 1525 2362 1569 omni

230 1614 561 1676 disputatione
597 1612 660 1657 de
687 1612 770 1656 uia
804 1626 860 1656 ac
892 1611 1079 1656 ratione
1112 1608 1368 1670 ampliores
1403 1610 1730 1672 grammaticae
1751 1609 1938 1656 Latinae
1970 1608 2102 1657 locos
2128 1613 2367 1674 tradendi,

230 1702 533 1766 singularum
581 1702 881 1763 quarundam
926 1715 1088 1746 rerum
1134 1716 1302 1746 ueram
1344 1699 1554 1746 formam
1590 1700 2013 1746 demonstrandam
2056 1704 2363 1762 susceperim.

229 1793 304 1841 Ac
343 1792 659 1855 quibusdam,
722 1791 934 1837 maxime
979 1788 1250 1834 scholarum
1299 1789 1564 1851 magistris,
1621 1787 1728 1833 haec
1768 1789 1875 1848 ipsa
1922 1790 2073 1850 magis
2127 1790 2362 1852 placitura

229 1883 403 1942 credo,
450 1880 581 1943 quod
614 1878 806 1926 facilius
840 1885 889 1924 et
925 1879 1061 1939 quasi
1091 1884 1224 1925 recta
1258 1879 1339 1924 uia
1371 1878 1424 1924 in
1459 1892 1599 1923 usum
1637 1878 1855 1924 conuerti
1888 1884 2103 1938 possunt.

408 2012 463 2077 1.
552 2010 663 2076 De
721 2009 940 2074 forma
997 2008 1482 2073 sententiarum
1543 2007 2181 2096 interrog-atinarum

916 2121 985 2184 in
1040 2120 1349 2185 oratione
1399 2119 1684 2207 obliqua.

402 2238 516 2298 Qua
548 2234 658 2297 lege
684 2236 936 2282 sententiae
969 2236 1348 2297 interrogatiuae,
1377 2249 1524 2296 quum
1560 2236 1714 2282 oratio
1748 2236 2036 2298 cogitatione
2068 2236 2222 2284 aliena
2238 2252 2357 2286 nar·-

224 2328 379 2376 raudo
414 2322 651 2391 (oblique)
697 2325 1012 2380 redderetur,
1080 2326 1209 2388 quod
1252 2339 1406 2387 genus
1452 2324 1580 2385 apud
1614 2324 1871 2372 historicos
1913 2325 2357 2389 frequentissimum

222 2425 311 2478 est,
346 2417 453 2463 aliae
471 2413 837 2462 in‘infinitiuum
863 2417 1140 2474 transirent,
1176 2415 1284 2460 aliae
1316 2416 1679 2461 coniunctiuum
1703 2417 1898 2461 modum
1923 2416 2171 2478 haberent,
2205 2432 2357 2479 quum
2396 2468 2399 2471 ,

223 2509 501 2569 superiores
538 2520 710 2567 parum
747 2505 1002 2568 diligenter
1037 2507 1318 2567 quaesissent
1358 2522 1449 2553 nec
1484 2505 1635 2552 ullam
1682 2512 1861 2552 certam
1907 2507 2123 2570 regulam
2169 2507 2357 2553 consti-

219 2598 453 2655 tuissent,
483 2596 668 2659 aliquot
695 2594 872 2641 abhinc
906 2596 1044 2641 annis
1074 2594 1356 2658 Kruegerus
1385 2612 1491 2643 eam
1524 2611 1630 2642 rem
1664 2597 2051 2659 inuestigandam
2084 2598 2296 2658 suscepit
2313 2592 2358 2653 ¹)

299 2770 339 2819 1)
394 2770 521 2808 Ueber
538 2771 612 2806 den
634 2769 773 2807 Accua.
797 2782 831 2807 c.
850 2769 960 2806 infin.
979 2770 1076 2806 nach
1098 2771 1398 2817 Fragewiirtern,
1419 2770 1504 2807 dem
1523 2768 1739 2808 Pronomeu
1761 2773 1866 2809 relat.
1890 2785 1933 2809 so
1954 2774 2026 2809 wie
2049 2771 2146 2808 nach
2166 2769 2358 2807 Coniunc-

392 2835 524 2868 tionen
543 2833 586 2867 in
606 2830 673 2867 der
690 2834 812 2868 oratio
831 2833 974 2879 otiqua.
1025 2832 1241 2869 Fasciculus
1268 2835 1415 2879 primus
1443 2840 1500 2868 est
1530 2832 1641 2877 libri,
1668 2844 1781 2880 quem
1814 2837 2030 2881 inscripsit:
2061 2831 2354 2871 Untersuchun-

391 2904 467 2941 gen
495 2904 564 2931 aus
588 2893 674 2931 dem
692 2892 850 2931 Gebiete
871 2894 938 2931 der
961 2895 1024 2930 lat.
1046 2892 1324 2941 Sprachlehre‚
1358 2894 1484 2931 editus
1510 2892 1717 2932 Brunsuici
1751 2896 1854 2932 1820.

2594 1257 2608 1378 ἓ

2598 1377 2608 1397 ,ι
