2608 3184
322 109 387 156 22

252 251 529 300 emendatio
556 255 664 303 non
694 256 841 304 dubia
875 263 963 304 est.
1034 255 1296 304 scribitur:
1357 271 1688 320 quamquam,
1735 262 1785 303 et
1802 262 1971 320 squam
1990 254 2217 319 fidiciier
2237 271 2383 305 rem-

249 338 508 401 publicam
551 345 1011 392 administrauerim
1048 352 1097 391 et
1140 345 1278 408 quod
1317 346 1419 392 duo
1448 344 1680 406 fulmina
1717 346 1920 392 domum
1960 363 2124 394 meam
2161 362 2260 412 per
2276 347 2383 394 ‘hoa

255 429 363 477 dies
387 434 721 495 perculerint,
772 452 871 482 non
905 436 1141 498 ignorare
1175 451 1266 481 uos
1295 435 1530 485 arbitror.
1590 436 1811 484 Postulat
1853 440 2124 486 necessario
2155 438 2385 485 orationis

254 521 537 582 aequalitas,
603 532 658 571 ut
698 532 900 589 utraque
949 528 1188 573 sententia
1239 525 1310 590 (et
1333 530 1498 590 'quam
1532 551 1596 562 —
1631 535 1680 573 et
1702 525 1869 590 qaod)
1925 528 2128 575 eandem
2161 523 2384 575 'formam

257 610 433 658 habeat
444 628 463 670 ,⁴
513 630 604 661 nec
637 617 687 662 id
719 623 908 663 tantum
955 619 1085 663 ciues
1121 619 1353 677 sciebant,
1385 619 1482 664 duo
1518 617 1724 664 fulmina
1758 620 1954 664 domum
1989 617 2174 664 AEmilii
2207 622 2386 679 percu-

251 699 389 760 lisse,
433 705 516 750 sed
554 722 660 767 quae
690 713 740 752 et
775 722 918 769 quam
952 709 1118 768 grauia
1149 706 1480 768 perculissent.
1561 707 1714 754 Recte
1748 709 1894 770 igitur
1928 706 2208 763 Gonouius,
2253 708 2384 769 quod

254 792 305 836 in
346 794 489 840 unico
523 797 688 842 codice
723 798 957 857 scriptum
991 806 1087 856 est,
1136 799 1178 843 si
1215 799 1359 843 modo
1393 799 1460 843 ita
1494 798 1561 844 ibi
1595 800 1826 859 scriptum
1864 804 1963 853 est,
2011 796 2145 860 qaod
2179 798 2386 843 mutauit

252 882 301 925 in
341 864 510 943 qlcgss
601 887 665 933 Et
696 887 979 948 quantulum
1020 886 1125 931 haec
1160 887 1340 932 distant
1372 888 1422 933 in
1457 887 1729 934 codicibus!
1750 886 1792 949 ¹)
1880 886 2020 948 Apud
2055 888 2293 934 Caesarem
2328 887 2385 934 Β.

256 971 308 1017 C.
343 971 365 1016 Ι
397 990 435 1018 c.
471 983 535 1029 23
606 976 795 1038 (pauca
838 974 983 1036 apud
1024 990 1107 1020 eos
1141 974 1386 1037 loquitur,
1454 976 1591 1038 quod
1622 975 1713 1023 sibi
1752 992 1786 1022 a
1815 985 1971 1039 parte
2005 992 2177 1023 eorum
2206 975 2380 1039 gratia

256 1060 419 1108 relata
450 1080 548 1110 non
582 1065 667 1128 sit)
734 1071 869 1126 patet
904 1064 1039 1127 qaod
1069 1066 1264 1126 adiungi
1299 1066 1361 1111 ad
1387 1081 1585 1127 pauca,
1646 1073 1703 1112 ut
1736 1068 2041 1125 ostendatur,
2104 1068 2165 1113 de
2200 1082 2293 1128 qua
2327 1081 2381 1113 re

259 1167 415 1212 pauca
450 1155 531 1201 illa
567 1157 694 1202 dicta
725 1157 848 1215 sint,
907 1171 1005 1201 non
1036 1157 1097 1203 ad
1124 1154 1375 1218 loquitur3
1437 1172 1595 1218 neque
1629 1158 1755 1203 enim
1788 1157 1951 1203 Caesar
1980 1158 2141 1203 dicere
2170 1163 2381 1218 poterat-z

254 1245 504 1307 loquitur,
547 1245 765 1307 gratiam
811 1245 904 1291 sibi
950 1261 1050 1291 non
1098 1245 1329 1292 relatam.
1402 1245 1568 1292 Habet
1601 1248 1749 1309 igitur
1783 1247 1861 1293 hic
1898 1262 2089 1309 quoque
2122 1246 2254 1292 locus
2290 1262 2383 1292 ex·

255 1335 469 1395 emplum
507 1337 762 1381 sententiae
796 1335 1010 1396 legitime
1045 1352 1073 1380 a
1106 1336 1242 1397 quod
1281 1337 1552 1396 incipientis
1594 1337 1679 1381 sed
1712 1336 1859 1397 paulo
1893 1338 2076 1382 rariore
2109 1336 2267 1382 forma
2303 1335 2383 1381 alii

255 1426 510 1471 sententiae
545 1426 791 1470 subnexae.
894 1424 1039 1486 Apud
1087 1425 1359 1472 Uarronem
1404 1427 1466 1471 de
1508 1426 1570 1473 R.
1604 1424 1666 1473 R.
1701 1425 1771 1485 II,
1815 1434 1905 1482 10,
1944 1429 1977 1480 6
2045 1425 2148 1489 (ubi
2194 1426 2382 1471 editur:

256 1513 408 1570 Quod
439 1514 511 1560 ad
530 1512 798 1573 facturam
830 1513 1103 1560 humanam
1128 1513 1347 1575 pertinet
1373 1522 1667 1576 pastorum,
1732 1514 1819 1576 qui
1851 1515 1902 1561 in
1929 1513 2104 1574 fundo
2134 1520 2383 1576 perpetuo

255 1612 486 1659 manent,
519 1603 686 1663 facile
719 1611 816 1663 est,
864 1605 1000 1666 quod
1032 1604 1251 1651 habeant
1286 1620 1580 1651 conseruata
1613 1603 1667 1650 in
1702 1604 1848 1667 uilla)
1892 1605 2270 1665 ipsa'sententia
2298 1619 2381 1650 re-

258 1695 419 1755 quirit,
452 1701 508 1740 ut
542 1695 781 1741 scribatur
816 1701 993 1755 qu0m3
1028 1711 1183 1757 neque
1219 1697 1347 1741 enim
1383 1694 1525 1741 facile
1559 1710 1663 1740 esse
1694 1696 1891 1755 dicitur,
1931 1703 2145 1756 pastores
2182 1709 2385 1740 conser-

259 1800 373 1831 uam
408 1784 614 1844 habere,
679 1784 765 1829 sed
799 1782 952 1830 facilis
981 1783 1186 1831 foeturae
1220 1787 1359 1844 rati0,
1395 1785 1524 1846 quod
1557 1783 1784 1831 habeant.
1863 1782 2000 1831 Alter
2031 1784 2267 1831 Uarronis
2303 1781 2381 1830 lo-,

256 1889 366 1934 cus,
398 1890 495 1936 quo
529 1873 781 1919 Manutius
815 1874 1042 1919 utebatur
1076 1873 1160 1937 (de
1192 1873 1255 1922 R.
1288 1874 1350 1920 R.
1383 1874 1418 1933 I,
1451 1879 1498 1934 7,
1532 1872 1582 1936 9)
1612 1889 1742 1920 nunc
1776 1876 1953 1921 rectius
1987 1875 2229 1930 scribitur,
2259 1872 2381 1919 sub—

255 1965 354 2011 lato
384 1972 450 2018 et,
484 1971 538 2009 ut
572 1980 660 2024 per
703 1963 839 2024 quod
871 1965 1154 2010 adnectatur
1187 1963 1460 2024 explicatio.
1527 1963 1672 2023 Apud
1706 1964 1963 2011 Phaedrum
1999 1966 2205 2025 denique
2239 1962 2301 2022 V,
2333 1970 2379 2022 2,

258 2064 319 2108 11
366 2053 527 2118 (Scio,
571 2052 706 2115 qaod
731 2052 908 2098 uirtuti
944 2068 1042 2097 non
1078 2052 1143 2097 sit
1176 2053 1477 2098 credendam
1510 2053 1649 2118 taae,)
1687 2055 1814 2116 quod
1846 2054 2126 2100 Gronouius
2162 2068 2225 2098 ex
2256 2067 2380 2098 con-2

253 2146 511 2190 suetudine
543 2145 778 2188 sermonis
813 2144 1121 2188 scribendum
1154 2158 1260 2188 esse
1292 2142 1620 2189 intellexerat:
1661 2159 1814 2205 quam
1840 2166 1909 2178 —-
1941 2157 2073 2197 non,
2111 2142 2323 2187 Orelliu's
2351 2157 2380 2188 e

256 2237 421 2280 codice
441 2234 695 2278 Perottino
728 2234 895 2279 edidit.
968 2233 1136 2293 Itaque
1166 2234 1321 2278 donec
1356 2232 1554 2277 meliora
1583 2232 1893 2292 proferantur
1917 2233 2218 2286 testimonia,
2252 2233 2381 2293 quod

255 2326 341 2368 uix
377 2338 589 2383 unquam
629 2329 749 2381 puto
783 2321 1031 2380 futurum,
1066 2324 1133 2366 sic
1166 2324 1227 2366 de
1261 2322 1352 2366 hac
1386 2337 1440 2365 re
1473 2322 1762 2365 tradendum
1796 2334 1991 2381 prorsus
2026 2336 2231 2375 censeo,
2270 2319 2379 2366 forn

253 2423 382 2460 tasse
418 2414 714 2472 antiquiores
742 2412 892 2457 semel
921 2419 970 2457 et
1001 2413 1180 2457 iterum
1216 2412 1353 2473 quod
1383 2413 1452 2456 sic
1487 2410 1702 2471 posuisse
1734 2415 1842 2456 cum
1878 2413 2211 2472 coniunctiuo'3
2247 2411 2381 2475 (nam

253 2507 304 2549 in
349 2504 510 2549 Plauti
553 2500 687 2547 Asin.
723 2501 770 2556 I,
805 2510 859 2560 1,
893 2508 960 2555 37
1004 2502 1244 2547 Gronouii
1290 2497 1495 2545 mutatio
1535 2502 1842 2547 incommoda
1884 2508 1981 2560 est,
2018 2516 2134 2549 ¹nec
2183 2501 2384 2552 Catonis,

254 2593 583 2656 fragmentum
617 2593 745 2653 apud
776 2592 901 2640 Plin.
936 2592 1066 2639 Hist.
1095 2592 1153 2639 N.
1184 2591 1266 2638 lib.
1298 2589 1481 2650 XXIX,
1518 2599 1562 2649 1,
1596 2597 1629 2646 7
1670 2593 2018 2640 correctionem
2052 2592 2225 2652 recipit
2256 2605 2378 2651 pro-

256 2682 502 2748 babilem,)
562 2688 667 2729 tum
701 2689 864 2730 autem
895 2690 1007 2744 post
1039 2679 1313 2744 Augustum
1346 2681 1556 2742 primum
1591 2698 1653 2729 ex
1682 2683 1765 2743 iis,
1833 2699 2037 2745 quorum
2069 2681 2248 2741 scripta
2286 2694 2379 2726 ex-

255 2780 413 2832 stant,
464 2772 660 2819 Celsum
696 2772 950 2836 aliquoties
998 2772 1073 2837 (ut
1097 2772 1135 2832 I,
1166 2781 1199 2827 3
1233 2788 1281 2834 p.
1313 2772 1379 2825 26
1412 2768 1538 2817 Alm.
1572 2779 1621 2820 et
1650 2773 1748 2820 ibd.
1780 2789 1830 2835 p.
1864 2771 1949 2835 32)
1984 2770 2120 2835 quod
2149 2771 2379 2832 posuisse,

352 2949 386 2991 ι)
434 2944 492 2980 De
518 2945 622 2981 Liuii
645 2944 737 2983 libri
760 2945 881 2992 XLII,
907 2946 951 2982 35
976 2945 1183 2983 satisfaciet
1206 2943 1540 2983 Drakenborchius
1558 2965 1579 3010 r'
1612 2948 1742 2993 miror,
1768 2948 1882 2982 etiam
1905 2943 2171 2991 Kreyssiglnm
2197 2941 2377 2978 mendum

434 3008 646 3054 reliquisse.
