2608 3184
224 118 343 179 hoc3
381 115 521 162 scrib.
555 112 659 177 qui)
694 120 845 160 aetate
875 111 1139 176 proximus
1175 110 1265 171 sit,
1299 112 1411 176 quis
1446 128 1545 159 non
1573 127 1674 175 pro
1709 128 1825 177 rege
1856 113 2073 164 habeat?
2116 115 2360 181 (Retinuit

225 204 409 253 habeat
430 220 491 251 ex
515 206 785 252 imitatione
809 210 955 250 rectae
981 203 1234 263 orationi33
1270 211 1461 264 poterat
1485 204 1645 249 dicere
1667 203 1905 270 haberet).
1973 208 2050 253 Ex
2084 207 2358 254 Caesare:

224 297 281 342 B.
298 295 373 341 G.
399 295 431 353 1,
462 301 555 348 40:
591 310 681 340 cur
706 294 837 341 hunc
859 319 924 327 —
950 292 1214 354 quisquam
1238 291 1519 339 iudicaret?
1554 294 1670 353 (cur
1694 293 1826 339 hunc
1851 321 1909 328 —
1936 297 2197 360 quisquam
2219 295 2356 342 iudi-

223 381 362 446 cet?)
412 385 511 430 ibd.
545 390 635 439 43:
702 383 813 445 quis
857 381 974 444 pati
1022 380 1238 443 posset?
1303 380 1440 444 (quis
1481 382 1596 445 pati
1640 381 1845 445 possit?
1897 385 2094 447 licebat,
2139 386 2356 448 neglecta

223 474 573 535 significatione
609 472 888 534 potentiali,
921 473 1081 517 dicere
1113 470 1316 532 potest?
1361 474 1486 533 quod
1525 473 1718 535 obliqua
1753 474 1970 531 oratione
2006 484 2157 522 esset:
2210 490 2355 538 quem

216 578 368 626 posse
383 562 435 624 Ρ)
467 564 539 623 V,
574 571 665 621 29:
722 561 846 617 Quis
882 559 975 606 sibi
1009 560 1101 605 hoc
1132 559 1502 622 persuaderet?
1537 563 1567 621 (
1560 560 1904 623 persuadeat?
1898 567 1930 624 J
1966 564 2083 619 Vll,
2116 571 2207 618 37:
2256 565 2356 612 Cur

222 652 354 699 enim
380 652 556 715 potius
596 650 752 699 AEdui
792 651 864 697 ad
894 651 1140 699 Caesarem
1185 648 1570 712 disceptatorem
1604 667 1757 715 quam
1792 651 2011 699 Romani
2053 653 2124 700 ad
2160 654 2356 701 AEduos

223 740 467 788 ueniant?
509 742 751 806 (Retinuit
785 755 997 801 praesens
1031 755 1091 785 ex
1122 746 1253 785 recta
1287 742 1531 796 oratione,
1559 748 1614 787 ut
1650 742 1820 788 Liuius
1855 742 2018 801 XLV,
2055 743 2166 806 19);
2210 744 2265 789 B.
2302 744 2354 790 C.

221 832 273 886 1,
333 837 428 884 72:
488 845 579 877 cur
621 830 773 876 etiam
817 830 1032 875 secundo
1070 827 1266 889 proelio
1311 828 1507 890 aliquos
1555 845 1616 875 ex
1651 846 1767 876 suos
1797 830 2084 878 amitteret?
2121 857 2181 866 —
2209 831 2355 894 peri-

223 918 525 967 clitaretur?
564 916 678 978 (cur
709 945 776 953 —
811 917 1077 963 amittam?
1112 943 1179 952 -
1199 916 1517 984 pericliter&
1541 918 1602 981 ¹).

400 1011 568 1068 Patet,
621 1025 763 1070 quam
801 1014 966 1068 aperte
1002 1013 1050 1052 et
1084 1006 1226 1052 facile
1268 1007 1373 1053 haec
1419 1009 1792 1070 distinguantur.
1872 1009 1937 1055 Et
1982 1017 2168 1068 tamen,
2218 1012 2259 1057 si
2303 1012 2353 1057 id

219 1116 372 1162 genus
407 1100 644 1159 excipiam,
677 1098 804 1158 quod
828 1102 1127 1157 postremum
1153 1097 1315 1156 posui,
1349 1097 1475 1158 quod
1515 1112 1762 1158 nunquam
1794 1098 1844 1143 in
1876 1097 2166 1146 infinitiuum
2192 1106 2354 1146 trans-

219 1193 288 1245 it,
334 1205 489 1251 pauca
539 1188 758 1250 quaedam
801 1184 1022 1246 exempla
1068 1190 1207 1243 sunt,
1264 1201 1370 1246 quae
1407 1186 1663 1247 exiguum,
1716 1202 1811 1248 quo
1843 1201 2021 1247 genera
2056 1195 2357 1250 separantur,

221 1281 365 1326 finem
416 1279 839 1340 transgrediuntur
894 1282 943 1320 et
985 1277 1035 1320 in
1084 1274 1289 1320 alienam
1333 1274 1541 1321 formam
1587 1277 1822 1323 incidunt.
1901 1276 2175 1323 Primum
2222 1280 2350 1325 enim

221 1386 311 1431 pro
345 1370 584 1415 infinitiuo
619 1369 667 1413 in
697 1365 1071 1426 interrogatione
1105 1366 1276 1425 primae
1320 1370 1368 1410 et
1412 1366 1569 1411 tertiae
1604 1381 1823 1426 personae
1858 1367 2103 1413 rarissime
2138 1369 2351 1427 omnino,

221 1460 308 1505 sed
341 1466 503 1504 tamen
539 1473 636 1503 non
668 1456 809 1515 plane
839 1469 1085 1514 nunquam
1122 1455 1455 1499 coniunctiuus
1487 1456 1709 1514 ponitur,
1746 1462 2029 1501 occurrente
2060 1458 2223 1502 animo
2256 1473 2352 1503 no-

220 1551 353 1595 tione
382 1549 520 1593 uerbi
549 1545 976 1606 interrogationem
1008 1542 1333 1603 significantiS‚
1366 1551 1419 1589 ut
1451 1544 1563 1589 inde
1595 1545 1808 1604 pendere
1841 1547 2078 1591 sententia
2114 1547 2353 1605 uideatur,

221 1640 629 1701 quemadmodum
670 1651 817 1695 supra
863 1636 924 1680 de
969 1634 1179 1678 secunda
1224 1648 1430 1693 persona
1473 1635 1586 1679 dixi.
1657 1635 1736 1680 Fit
1771 1636 1819 1680 id
1856 1634 2129 1696 aliquoties,
2180 1638 2263 1683 ubi
2299 1640 2348 1683 in

222 1729 488 1790 quaerendo
516 1726 830 1786 reprehensio·
855 1732 903 1769 et
933 1724 1173 1768 accusatio
1206 1725 1424 1783 quaedam
1461 1725 1587 1768 inest
1615 1724 1901 1784 (cuiusmodi
1935 1733 2100 1770 tamen
2137 1728 2350 1771 interro-

220 1818 438 1880 gationes
486 1816 632 1877 longe
676 1813 898 1874 plurimae
946 1810 1160 1871 regulam
1205 1809 1506 1871 sequuntur).
1584 1810 1818 1871 Exempla
1865 1827 2041 1871 ponam
2091 1830 2152 1860 ex
2193 1815 2348 1860 tribus

219 1907 314 1955 illis
354 1905 669 1966 scriptoribus
696 1918 819 1961 non,
856 1908 910 1948 ut
945 1908 1084 1954 ante,
1117 1900 1315 1958 selecta,
1352 1901 1436 1945 sed
1472 1902 1658 1959 omnia,
1690 1907 1743 1945 ut
1778 1910 2030 1962 appareat,
2075 1920 2216 1966 quam
2252 1907 2348 1951 sint

218 2012 387 2059 pauca.
452 1996 617 2041 Livius
652 1993 798 2054 igitur
820 1990 924 2050 vn,
960 1997 1021 2044 15
1056 1990 1269 2050 scripsit:
1323 1987 1508 2051 Ecquis
1542 1996 1834 2051 sequeretur
1864 2006 2050 2050 eorum,
2084 1993 2171 2055 qui
2202 1995 2349 2041 modo

221 2084 421 2133 ducturi
444 2081 686 2144 fuerint?
747 2079 935 2142 Regula
973 2078 1266 2140 postulabat:
1335 2094 1537 2141 ecquem
1569 2077 1740 2140 sequi?
1807 2080 1902 2127 Sed
1936 2081 2154 2129 haerebat
2186 2086 2348 2132 animo

218 2178 442 2238 proxime
475 2174 754 2235 praecedens
799 2169 1038 2231 rogitans.
1120 2170 1282 2217 Caesar
1313 2170 1370 2216 Β.
1410 2170 1464 2217 C.
1499 2169 1545 2229 Ι,
1582 2176 1644 2224 32
1682 2169 1825 2216 dixit:
1882 2185 1972 2216 cur
1997 2170 2140 2232 ferri
2159 2190 2348 2237 passus
2379 2184 2383 2187 ⁴

220 2264 382 2312 esset?
436 2278 551 2326 pro:
613 2275 822 2323 passum
858 2255 998 2304 esse?
1047 2259 1248 2305 Tacitus
1284 2257 1406 2306 Ann.
1444 2258 1539 2318 XI,
1589 2266 1677 2318 19⁸:
1739 2273 1829 2303 cm·
1872 2258 2061 2308 hostem
2092 2263 2344 2310 conciret?

219 2356 294 2419 (In
335 2354 638 2411 huiusmodi,
685 2350 839 2413 qualis
869 2349 963 2394 hoc
997 2348 1104 2394 loco
1139 2355 1234 2408 est,
1280 2349 1567 2396 breuissima
1597 2347 1945 2409 significatione
1980 2356 2214 2400 sermonis
2249 2355 2346 2401 ho-

216 2446 409 2492 minum.
436 2441 923 2503 reprehendentium,
977 2437 1110 2484 nulla
1139 2440 1499 2485 continuatione
1523 2438 1782 2497 orationis,
1826 2439 1962 2487 nullo
1982 2445 2142 2503 posito
2173 2443 2345 2491 alienoe
2400 2452 2403 2455 “

217 2534 446 2580 orationis
486 2532 690 2590 indicio,
739 2530 937 2574 omnino
978 2529 1059 2574 vix
1105 2527 1261 2574 locum
1302 2528 1447 2574 habet
1485 2526 1778 2589 infinitiuus3
1839 2531 1983 2578 nimis
2012 2534 2141 2579 enim
2177 2539 2345 2593 aperte

313 2738 345 2781 ι)
394 2733 511 2768 Extra
536 2732 631 2767 hauc
652 2732 947 2777 disputationem
971 2736 1027 2764 est
1049 2728 1168 2766 forma
1191 2728 1439 2765 uehementer
1459 2737 1497 2764 et
1517 2741 1603 2766 cum
1622 2729 1883 2776 indignatione
1904 2731 2178 2777 interrogandi,
2207 2744 2274 2778 per
2296 2746 2343 2769 ne

390 2802 455 2839 ut,
487 2806 599 2841 quam
620 2793 754 2829 Liuius
777 2791 834 2828 bis
853 2794 891 2827 in
911 2793 1083 2827 oratione
1107 2789 1261 2837 obliqua
1282 2793 1453 2834 retinuit,
1474 2791 1541 2835 IV,
1563 2803 1585 2827 2
1605 2799 1664 2838 et,
1695 2799 1842 2829 mutato
1861 2792 1972 2828 uerbi
1995 2799 2189 2840 tempore,
2223 2793 2272 2837 V,
2296 2797 2340 2831 25

386 2858 474 2890 init.
