<?xml version="1.0" encoding="UTF-8"?>
<!DOCTYPE html PUBLIC "-//W3C//DTD XHTML 1.0 Transitional//EN"
    "http://www.w3.org/TR/xhtml1/DTD/xhtml1-transitional.dtd">
<html xmlns="http://www.w3.org/1999/xhtml" xml:lang="en" lang="en">
 <head>
  <title>
</title>
<meta http-equiv="Content-Type" content="text/html;charset=utf-8" />
  <meta name='ocr-system' content='tesseract 3.04.00' />
  <meta name='ocr-capabilities' content='ocr_page ocr_carea ocr_par ocr_line ocrx_word'/>
</head>
<body>
  <div class='ocr_page' id='page_1' title='image "4625151_0015.png"; bbox 0 0 2608 3184; ppageno 0'>
   <div class='ocr_carea' id='block_1_1' title="bbox 252 134 2397 2530">
    <p class='ocr_par' dir='ltr' id='par_1_1' title="bbox 260 134 2397 830">
     <span class='ocr_line' id='line_1_1' title="bbox 264 134 2394 204; baseline -0.002 -16"><span class='ocrx_word' id='word_1_1' title='bbox 264 154 428 204; x_wconf 80' lang='lat' dir='ltr'><strong>operae</strong></span> <span class='ocrx_word' id='word_1_2' title='bbox 460 137 672 203; x_wconf 83' lang='lat' dir='ltr'><strong>pretium</strong></span> <span class='ocrx_word' id='word_1_3' title='bbox 702 151 803 186; x_wconf 82' lang='lat' dir='ltr'><strong>non</strong></span> <span class='ocrx_word' id='word_1_4' title='bbox 835 141 924 185; x_wconf 76' lang='lat' dir='ltr'><strong>est.</strong></span> <span class='ocrx_word' id='word_1_5' title='bbox 991 135 1160 186; x_wconf 77' lang='lat' dir='ltr'><strong>Potius</strong></span> <span class='ocrx_word' id='word_1_6' title='bbox 1194 137 1539 199; x_wconf 78' lang='lat' dir='ltr'><strong>adnotandum,</strong></span> <span class='ocrx_word' id='word_1_7' title='bbox 1571 134 1818 186; x_wconf 71' lang='lat' dir='ltr'><strong>nonnullis</strong></span> <span class='ocrx_word' id='word_1_8' title='bbox 1849 134 1969 185; x_wconf 76' lang='lat' dir='ltr'><strong>locis</strong></span> <span class='ocrx_word' id='word_1_9' title='bbox 2001 150 2101 184; x_wconf 85' lang='lat' dir='ltr'><strong>non</strong></span> <span class='ocrx_word' id='word_1_10' title='bbox 2135 142 2269 184; x_wconf 82' lang='lat' dir='ltr'><strong>recte</strong></span> <span class='ocrx_word' id='word_1_11' title='bbox 2301 148 2394 197; x_wconf 82' lang='lat' dir='ltr'><strong>pro</strong></span> 
     </span>
     <span class='ocr_line' id='line_1_2' title="bbox 264 224 2397 292; baseline -0.004 -14"><span class='ocrx_word' id='word_1_12' title='bbox 264 230 644 292; x_wconf 74' lang='lat' dir='ltr'><strong>interrogatione</strong></span> <span class='ocrx_word' id='word_1_13' title='bbox 674 228 850 289; x_wconf 80' lang='lat' dir='ltr'><strong>accipi,</strong></span> <span class='ocrx_word' id='word_1_14' title='bbox 908 243 1015 290; x_wconf 86' lang='lat' dir='ltr'><strong>quae</strong></span> <span class='ocrx_word' id='word_1_15' title='bbox 1049 227 1142 275; x_wconf 78' lang='lat' dir='ltr'><strong>alia</strong></span> <span class='ocrx_word' id='word_1_16' title='bbox 1175 227 1335 275; x_wconf 82' lang='lat' dir='ltr'><strong>forma</strong></span> <span class='ocrx_word' id='word_1_17' title='bbox 1368 230 1611 289; x_wconf 73' lang='lat' dir='ltr'><strong>dicantur,</strong></span> <span class='ocrx_word' id='word_1_18' title='bbox 1648 236 1705 276; x_wconf 88' lang='lat' dir='ltr'><strong>ut</strong></span> <span class='ocrx_word' id='word_1_19' title='bbox 1740 227 1872 289; x_wconf 75' lang='lat' dir='ltr'><strong>apud</strong></span> <span class='ocrx_word' id='word_1_20' title='bbox 1906 226 2101 275; x_wconf 83' lang='lat' dir='ltr'><strong>Livium</strong></span> <span class='ocrx_word' id='word_1_21' title='bbox 2132 224 2280 284; x_wconf 85' lang='lat' dir='ltr'><strong>XXI,</strong></span> <span class='ocrx_word' id='word_1_22' title='bbox 2326 230 2397 279; x_wconf 80' lang='grc'><strong>30</strong></span> 
     </span>
     <span class='ocr_line' id='line_1_3' title="bbox 265 311 2395 383; baseline -0.002 -16"><span class='ocrx_word' id='word_1_23' title='bbox 265 311 490 383; x_wconf 81' lang='lat' dir='ltr'><strong>(Cepisse</strong></span> <span class='ocrx_word' id='word_1_24' title='bbox 523 316 776 382; x_wconf 83' lang='lat' dir='ltr'><strong>quondam</strong></span> <span class='ocrx_word' id='word_1_25' title='bbox 811 315 990 365; x_wconf 82' lang='lat' dir='ltr'><strong>Gallos</strong></span> <span class='ocrx_word' id='word_1_26' title='bbox 1022 332 1102 374; x_wconf 86' lang='lat' dir='ltr'><strong>ea,</strong></span> <span class='ocrx_word' id='word_1_27' title='bbox 1135 330 1249 381; x_wconf 82' lang='lat' dir='ltr'><strong>quoe</strong></span> <span class='ocrx_word' id='word_1_28' title='bbox 1282 316 1418 365; x_wconf 83' lang='lat' dir='ltr'><strong>adiri</strong></span> <span class='ocrx_word' id='word_1_29' title='bbox 1447 331 1597 381; x_wconf 82' lang='lat' dir='ltr'><strong>posse</strong></span> <span class='ocrx_word' id='word_1_30' title='bbox 1632 318 1835 366; x_wconf 86' lang='lat' dir='ltr'><strong>Poenus</strong></span> <span class='ocrx_word' id='word_1_31' title='bbox 1869 315 2142 383; x_wconf 74' lang='lat' dir='ltr'><strong><em>desperet).</em></strong></span> <span class='ocrx_word' id='word_1_32' title='bbox 2193 313 2395 363; x_wconf 80' lang='lat' dir='ltr'><strong>Hanni·-</strong></span> 
     </span>
     <span class='ocr_line' id='line_1_4' title="bbox 264 404 2394 470; baseline -0.002 -14"><span class='ocrx_word' id='word_1_33' title='bbox 264 408 347 456; x_wconf 80' lang='lat' dir='ltr'><strong>bal</strong></span> <span class='ocrx_word' id='word_1_34' title='bbox 381 408 625 455; x_wconf 82' lang='lat' dir='ltr'><strong>narrando</strong></span> <span class='ocrx_word' id='word_1_35' title='bbox 653 408 1001 469; x_wconf 75' lang='lat' dir='ltr'>turpitudinem</span> <span class='ocrx_word' id='word_1_36' title='bbox 1036 408 1109 455; x_wconf 85' lang='lat' dir='ltr'><strong>rei</strong></span> <span class='ocrx_word' id='word_1_37' title='bbox 1143 409 1382 470; x_wconf 87' lang='lat' dir='ltr'><strong>ostendit;</strong></span> <span class='ocrx_word' id='word_1_38' title='bbox 1427 408 1772 469; x_wconf 80' lang='lat' dir='ltr'><strong>interrogando</strong></span> <span class='ocrx_word' id='word_1_39' title='bbox 1807 407 2047 455; x_wconf 81' lang='lat' dir='ltr'><strong>sententia</strong></span> <span class='ocrx_word' id='word_1_40' title='bbox 2081 404 2394 467; x_wconf 79' lang='lat' dir='ltr'><strong>peruertitur,</strong></span> 
     </span>
     <span class='ocr_line' id='line_1_5' title="bbox 261 494 2395 560; baseline -0.001 -17"><span class='ocrx_word' id='word_1_41' title='bbox 261 497 399 560; x_wconf 73' lang='lat' dir='ltr'><strong>quasi</strong></span> <span class='ocrx_word' id='word_1_42' title='bbox 442 498 609 559; x_wconf 82' lang='lat' dir='ltr'><strong>negari</strong></span> <span class='ocrx_word' id='word_1_43' title='bbox 653 498 831 558; x_wconf 82' lang='lat' dir='ltr'><strong>possit,</strong></span> <span class='ocrx_word' id='word_1_44' title='bbox 887 494 1054 542; x_wconf 80' lang='lat' dir='ltr'><strong>Gallos</strong></span> <span class='ocrx_word' id='word_1_45' title='bbox 1106 511 1164 542; x_wconf 80' lang='lat' dir='ltr'><strong>ea</strong></span> <span class='ocrx_word' id='word_1_46' title='bbox 1209 495 1316 542; x_wconf 84' lang='lat' dir='ltr'><strong>loca</strong></span> <span class='ocrx_word' id='word_1_47' title='bbox 1359 498 1570 558; x_wconf 78' lang='lat' dir='ltr'><strong>cepisse5</strong></span> <span class='ocrx_word' id='word_1_48' title='bbox 1623 496 1881 542; x_wconf 85' lang='lat' dir='ltr'><strong>dicendum</strong></span> <span class='ocrx_word' id='word_1_49' title='bbox 1925 502 2030 542; x_wconf 87' lang='lat' dir='ltr'><strong>tum</strong></span> <span class='ocrx_word' id='word_1_50' title='bbox 2073 499 2206 542; x_wconf 79' lang='lat' dir='ltr'><strong>erat:</strong></span> <span class='ocrx_word' id='word_1_51' title='bbox 2271 506 2395 540; x_wconf 81' lang='lat' dir='ltr'><strong>num</strong></span> 
     </span>
     <span class='ocr_line' id='line_1_6' title="bbox 261 581 2392 650; baseline -0.001 -18"><span class='ocrx_word' id='word_1_52' title='bbox 261 586 534 650; x_wconf 85' lang='lat' dir='ltr'><strong>desperare</strong></span> <span class='ocrx_word' id='word_1_53' title='bbox 569 588 823 641; x_wconf 87' lang='lat' dir='ltr'><strong>Poenum,</strong></span> <span class='ocrx_word' id='word_1_54' title='bbox 847 583 984 630; x_wconf 88' lang='lat' dir='ltr'><strong>adiri</strong></span> <span class='ocrx_word' id='word_1_55' title='bbox 994 599 1162 647; x_wconf 89' lang='lat' dir='ltr'><strong>posse,</strong></span> <span class='ocrx_word' id='word_1_56' title='bbox 1193 599 1307 648; x_wconf 86' lang='lat' dir='ltr'><strong>quae</strong></span> <span class='ocrx_word' id='word_1_57' title='bbox 1336 585 1478 633; x_wconf 85' lang='lat' dir='ltr'><strong>Galli</strong></span> <span class='ocrx_word' id='word_1_58' title='bbox 1508 582 1767 647; x_wconf 83' lang='lat' dir='ltr'><em>ceperint?</em></span> <span class='ocrx_word' id='word_1_59' title='bbox 1799 584 1960 632; x_wconf 80' lang='lat' dir='ltr'><strong>Etiam</strong></span> <span class='ocrx_word' id='word_1_60' title='bbox 1991 584 2118 632; x_wconf 87' lang='lat' dir='ltr'><strong>libro</strong></span> <span class='ocrx_word' id='word_1_61' title='bbox 2139 581 2328 638; x_wconf 81' lang='lat' dir='ltr'><strong>XXVI,</strong></span> <span class='ocrx_word' id='word_1_62' title='bbox 2357 588 2392 638; x_wconf 83' lang='lat'>8</span> 
     </span>
     <span class='ocr_line' id='line_1_7' title="bbox 264 670 2391 741; baseline -0.002 -19"><span class='ocrx_word' id='word_1_63' title='bbox 264 674 395 736; x_wconf 86' lang='lat' dir='ltr'><strong>(Qui</strong></span> <span class='ocrx_word' id='word_1_64' title='bbox 415 701 478 710; x_wconf 96' lang='lat'>—</span> <span class='ocrx_word' id='word_1_65' title='bbox 500 690 656 721; x_wconf 85' lang='lat' dir='ltr'><strong>ausus</strong></span> <span class='ocrx_word' id='word_1_66' title='bbox 692 690 792 720; x_wconf 86' lang='lat' dir='ltr'><strong>non</strong></span> <span class='ocrx_word' id='word_1_67' title='bbox 825 682 970 734; x_wconf 84' lang='lat' dir='ltr'><strong>esset,</strong></span> <span class='ocrx_word' id='word_1_68' title='bbox 990 698 1058 708; x_wconf 92' lang='lat'>—</span> <span class='ocrx_word' id='word_1_69' title='bbox 1079 685 1217 736; x_wconf 86' lang='lat' dir='ltr'><strong>spem</strong></span> <span class='ocrx_word' id='word_1_70' title='bbox 1252 674 1465 741; x_wconf 77' lang='lat' dir='ltr'><em>cepisse)</em></span> <span class='ocrx_word' id='word_1_71' title='bbox 1502 674 1791 721; x_wconf 80' lang='lat' dir='ltr'><strong>exclamatio</strong></span> <span class='ocrx_word' id='word_1_72' title='bbox 1811 675 2105 737; x_wconf 79' lang='lat' dir='ltr'><strong>indignantis</strong></span> <span class='ocrx_word' id='word_1_73' title='bbox 2128 679 2202 721; x_wconf 73' lang='lat' dir='ltr'><strong>est</strong></span> <span class='ocrx_word' id='word_1_74' title='bbox 2225 670 2310 732; x_wconf 72' lang='lat' dir='ltr'><strong>(Is</strong></span> <span class='ocrx_word' id='word_1_75' title='bbox 2326 693 2391 706; x_wconf 92' lang='lat'><strong>-·</strong></span> 
     </span>
     <span class='ocr_line' id='line_1_8' title="bbox 260 761 2016 830; baseline -0.002 -18"><span class='ocrx_word' id='word_1_76' title='bbox 260 765 447 830; x_wconf 76' lang='lat' dir='ltr'><strong>cepitl)</strong></span> <span class='ocrx_word' id='word_1_77' title='bbox 491 781 590 812; x_wconf 89' lang='lat' dir='ltr'><strong>non</strong></span> <span class='ocrx_word' id='word_1_78' title='bbox 623 766 938 825; x_wconf 81' lang='lat' dir='ltr'><strong>interrogatio</strong></span> <span class='ocrx_word' id='word_1_79' title='bbox 950 798 967 821; x_wconf 91' lang='lat'><strong>,</strong></span> <span class='ocrx_word' id='word_1_80' title='bbox 1017 779 1126 825; x_wconf 85' lang='lat' dir='ltr'><strong>quae</strong></span> <span class='ocrx_word' id='word_1_81' title='bbox 1158 764 1265 810; x_wconf 84' lang='lat' dir='ltr'><strong>haec</strong></span> <span class='ocrx_word' id='word_1_82' title='bbox 1293 772 1443 812; x_wconf 85' lang='lat' dir='ltr'><strong>esset:</strong></span> <span class='ocrx_word' id='word_1_83' title='bbox 1504 778 1680 810; x_wconf 90' lang='lat' dir='ltr'><strong>eumne</strong></span> <span class='ocrx_word' id='word_1_84' title='bbox 1709 761 1937 825; x_wconf 80' lang='lat' dir='ltr'><strong>cepisse?</strong></span> <span class='ocrx_word' id='word_1_85' title='bbox 1956 762 2016 827; x_wconf 84' lang='lat'><strong>¹).</strong></span> 
     </span>
    </p>

    <p class='ocr_par' dir='ltr' id='par_1_2' title="bbox 252 851 2396 2166">
     <span class='ocr_line' id='line_1_9' title="bbox 438 851 2391 916; baseline -0.002 -14"><span class='ocrx_word' id='word_1_86' title='bbox 438 854 501 902; x_wconf 89' lang='lat' dir='ltr'><strong>B.</strong></span> <span class='ocrx_word' id='word_1_87' title='bbox 570 853 648 900; x_wconf 83' lang='lat' dir='ltr'><strong>Ex</strong></span> <span class='ocrx_word' id='word_1_88' title='bbox 700 851 918 901; x_wconf 77' lang='lat' dir='ltr'><strong>Livio:</strong></span> <span class='ocrx_word' id='word_1_89' title='bbox 977 852 1069 909; x_wconf 87' lang='lat'><strong>111,</strong></span> <span class='ocrx_word' id='word_1_90' title='bbox 1127 858 1217 908; x_wconf 83' lang='lat'><strong>72:</strong></span> <span class='ocrx_word' id='word_1_91' title='bbox 1286 852 1554 916; x_wconf 80' lang='lat' dir='ltr'><strong>Scaptione</strong></span> <span class='ocrx_word' id='word_1_92' title='bbox 1608 852 1700 901; x_wconf 79' lang='lat' dir='ltr'><strong>hoc</strong></span> <span class='ocrx_word' id='word_1_93' title='bbox 1751 851 2103 915; x_wconf 83' lang='lat' dir='ltr'><strong>assignaturos</strong></span> <span class='ocrx_word' id='word_1_94' title='bbox 2145 855 2391 914; x_wconf 80' lang='lat' dir='ltr'><strong>putarent</strong></span> 
     </span>
     <span class='ocr_line' id='line_1_10' title="bbox 252 939 2391 1006; baseline -0.001 -16"><span class='ocrx_word' id='word_1_95' title='bbox 252 943 500 1006; x_wconf 83' lang='lat' dir='ltr'><strong>finitimos</strong></span> <span class='ocrx_word' id='word_1_96' title='bbox 528 941 788 1006; x_wconf 84' lang='lat' dir='ltr'><strong>populos?</strong></span> <span class='ocrx_word' id='word_1_97' title='bbox 836 940 1050 1005; x_wconf 81' lang='lat' dir='ltr'><strong>(putatis</strong></span> <span class='ocrx_word' id='word_1_98' title='bbox 1062 939 1111 999; x_wconf 80' lang='lat' dir='ltr'><strong>P)</strong></span> <span class='ocrx_word' id='word_1_99' title='bbox 1159 942 1235 999; x_wconf 90' lang='lat' dir='ltr'><strong>V,</strong></span> <span class='ocrx_word' id='word_1_100' title='bbox 1270 952 1326 996; x_wconf 81' lang='lat'><strong>2:</strong></span> <span class='ocrx_word' id='word_1_101' title='bbox 1385 943 1552 1002; x_wconf 84' lang='lat' dir='ltr'><strong>Quam</strong></span> <span class='ocrx_word' id='word_1_102' title='bbox 1580 949 1829 1006; x_wconf 81' lang='lat' dir='ltr'><strong>putarent</strong></span> <span class='ocrx_word' id='word_1_103' title='bbox 1860 941 2164 989; x_wconf 86' lang='lat' dir='ltr'><strong>continuatoe</strong></span> <span class='ocrx_word' id='word_1_104' title='bbox 2197 939 2391 987; x_wconf 85' lang='lat' dir='ltr'><strong>militiae</strong></span> 
     </span>
     <span class='ocr_line' id='line_1_11' title="bbox 261 1027 2390 1094; baseline -0.001 -15"><span class='ocrx_word' id='word_1_105' title='bbox 261 1049 469 1079; x_wconf 82' lang='lat' dir='ltr'><strong>causam</strong></span> <span class='ocrx_word' id='word_1_106' title='bbox 515 1049 620 1079; x_wconf 86' lang='lat' dir='ltr'><strong>esse</strong></span> <span class='ocrx_word' id='word_1_107' title='bbox 657 1032 876 1094; x_wconf 84' lang='lat' dir='ltr'><strong>(putatis</strong></span> <span class='ocrx_word' id='word_1_108' title='bbox 889 1031 942 1093; x_wconf 88' lang='lat'><strong>?)</strong></span> <span class='ocrx_word' id='word_1_109' title='bbox 1006 1032 1076 1092; x_wconf 93' lang='lat' dir='ltr'><strong>V,</strong></span> <span class='ocrx_word' id='word_1_110' title='bbox 1131 1040 1219 1086; x_wconf 84' lang='lat'><strong>20:</strong></span> <span class='ocrx_word' id='word_1_111' title='bbox 1285 1032 1422 1090; x_wconf 89' lang='lat' dir='ltr'><strong>Quid</strong></span> <span class='ocrx_word' id='word_1_112' title='bbox 1453 1034 1516 1079; x_wconf 87' lang='lat' dir='ltr'><strong>de</strong></span> <span class='ocrx_word' id='word_1_113' title='bbox 1544 1032 1730 1094; x_wconf 85' lang='lat' dir='ltr'><strong>proeda</strong></span> <span class='ocrx_word' id='word_1_114' title='bbox 1756 1031 2061 1090; x_wconf 82' lang='lat' dir='ltr'><strong>faciendum</strong></span> <span class='ocrx_word' id='word_1_115' title='bbox 2094 1027 2390 1077; x_wconf 71' lang='lat' dir='ltr'><em>censerent?</em></span> 
     </span>
     <span class='ocr_line' id='line_1_12' title="bbox 265 1117 2392 1188; baseline 0 -20"><span class='ocrx_word' id='word_1_116' title='bbox 265 1118 499 1180; x_wconf 86' lang='lat' dir='ltr'><strong>(censetis</strong></span> <span class='ocrx_word' id='word_1_117' title='bbox 511 1120 561 1188; x_wconf 87' lang='lat'><strong>?)</strong></span> <span class='ocrx_word' id='word_1_118' title='bbox 598 1122 670 1182; x_wconf 90' lang='grc' dir='ltr'><strong>Χ,</strong></span> <span class='ocrx_word' id='word_1_119' title='bbox 707 1130 792 1176; x_wconf 85' lang='lat'><strong>13:</strong></span> <span class='ocrx_word' id='word_1_120' title='bbox 857 1120 994 1185; x_wconf 84' lang='lat' dir='ltr'><em>Quid</em></span> <span class='ocrx_word' id='word_1_121' title='bbox 1027 1137 1078 1167; x_wconf 86' lang='lat' dir='ltr'><strong>se</strong></span> <span class='ocrx_word' id='word_1_122' title='bbox 1104 1121 1207 1167; x_wconf 86' lang='lat' dir='ltr'><strong>iam</strong></span> <span class='ocrx_word' id='word_1_123' title='bbox 1238 1137 1406 1167; x_wconf 87' lang='lat' dir='ltr'><strong>senem</strong></span> <span class='ocrx_word' id='word_1_124' title='bbox 1439 1119 1809 1167; x_wconf 71' lang='lat' dir='ltr'><strong>sollicitarent?</strong></span> <span class='ocrx_word' id='word_1_125' title='bbox 1847 1117 2215 1186; x_wconf 85' lang='lat' dir='ltr'><strong>(sollicitatis?)</strong></span> <span class='ocrx_word' id='word_1_126' title='bbox 2265 1118 2392 1168; x_wconf 77' lang='lat' dir='ltr'>Add-</span> 
     </span>
     <span class='ocr_line' id='line_1_13' title="bbox 259 1209 2391 1272; baseline -0 -15"><span class='ocrx_word' id='word_1_127' title='bbox 259 1211 333 1272; x_wconf 91' lang='lat' dir='ltr'><strong>X,</strong></span> <span class='ocrx_word' id='word_1_128' title='bbox 367 1216 433 1265; x_wconf 87' lang='grc'><strong>24</strong></span> <span class='ocrx_word' id='word_1_129' title='bbox 466 1218 515 1259; x_wconf 90' lang='lat' dir='ltr'><strong>et</strong></span> <span class='ocrx_word' id='word_1_130' title='bbox 549 1218 641 1271; x_wconf 87' lang='grc'><strong>35,</strong></span> <span class='ocrx_word' id='word_1_131' title='bbox 673 1211 892 1271; x_wconf 87' lang='lat' dir='ltr'>XXVII,</span> <span class='ocrx_word' id='word_1_132' title='bbox 925 1216 1019 1271; x_wconf 82' lang='lat'><strong>34,</strong></span> <span class='ocrx_word' id='word_1_133' title='bbox 1052 1210 1294 1272; x_wconf 90' lang='lat' dir='ltr'><strong>XXXIV,</strong></span> <span class='ocrx_word' id='word_1_134' title='bbox 1327 1217 1419 1267; x_wconf 79' lang='grc'><strong>43,</strong></span> <span class='ocrx_word' id='word_1_135' title='bbox 1452 1210 1697 1267; x_wconf 89' lang='lat' dir='ltr'><strong>XXXVI,</strong></span> <span class='ocrx_word' id='word_1_136' title='bbox 1730 1218 1806 1265; x_wconf 79' lang='grc'><strong>40</strong></span> <span class='ocrx_word' id='word_1_137' title='bbox 1840 1209 1977 1270; x_wconf 88' lang='lat' dir='ltr'><strong>(utro</strong></span> <span class='ocrx_word' id='word_1_138' title='bbox 2007 1210 2209 1258; x_wconf 86' lang='lat' dir='ltr'><strong>tandem</strong></span> <span class='ocrx_word' id='word_1_139' title='bbox 2243 1209 2391 1257; x_wconf 87' lang='lat' dir='ltr'><strong>modo</strong></span> 
     </span>
     <span class='ocr_line' id='line_1_14' title="bbox 260 1298 2393 1365; baseline -0 -18"><span class='ocrx_word' id='word_1_140' title='bbox 260 1298 473 1348; x_wconf 84' lang='lat' dir='ltr'><strong>credat?</strong></span> <span class='ocrx_word' id='word_1_141' title='bbox 534 1301 586 1347; x_wconf 89' lang='lat' dir='ltr'><strong>id</strong></span> <span class='ocrx_word' id='word_1_142' title='bbox 620 1306 718 1361; x_wconf 85' lang='lat' dir='ltr'><strong>est,</strong></span> <span class='ocrx_word' id='word_1_143' title='bbox 760 1299 948 1360; x_wconf 85' lang='lat' dir='ltr'><strong>credis,</strong></span> <span class='ocrx_word' id='word_1_144' title='bbox 997 1301 1059 1348; x_wconf 88' lang='lat' dir='ltr'><strong>P.</strong></span> <span class='ocrx_word' id='word_1_145' title='bbox 1093 1299 1358 1362; x_wconf 83' lang='lat' dir='ltr'><strong>Semproni</strong></span> <span class='ocrx_word' id='word_1_146' title='bbox 1367 1298 1394 1347; x_wconf 89' lang='lat'><strong>?</strong></span> <span class='ocrx_word' id='word_1_147' title='bbox 1385 1303 1421 1365; x_wconf 89' lang='lat'><em>)</em></span> <span class='ocrx_word' id='word_1_148' title='bbox 1486 1301 1568 1348; x_wconf 85' lang='lat' dir='ltr'><strong>Bis</strong></span> <span class='ocrx_word' id='word_1_149' title='bbox 1602 1299 1770 1348; x_wconf 85' lang='lat' dir='ltr'><strong>Livius</strong></span> <span class='ocrx_word' id='word_1_150' title='bbox 1806 1300 1875 1348; x_wconf 85' lang='lat' dir='ltr'><strong>sic</strong></span> <span class='ocrx_word' id='word_1_151' title='bbox 1908 1299 2083 1347; x_wconf 85' lang='lat' dir='ltr'><strong>extulit</strong></span> <span class='ocrx_word' id='word_1_152' title='bbox 2115 1302 2393 1363; x_wconf 81' lang='lat' dir='ltr'><strong>interroga-</strong></span> 
     </span>
     <span class='ocr_line' id='line_1_15' title="bbox 259 1387 2394 1451; baseline -0.001 -15"><span class='ocrx_word' id='word_1_153' title='bbox 259 1391 441 1436; x_wconf 82' lang='lat' dir='ltr'><strong>tionem</strong></span> <span class='ocrx_word' id='word_1_154' title='bbox 478 1389 798 1449; x_wconf 80' lang='lat' dir='ltr'><strong>hortatiuam,</strong></span> <span class='ocrx_word' id='word_1_155' title='bbox 844 1389 1081 1450; x_wconf 82' lang='lat' dir='ltr'><strong>particula</strong></span> <span class='ocrx_word' id='word_1_156' title='bbox 1117 1388 1236 1451; x_wconf 83' lang='lat' dir='ltr'><strong>quin</strong></span> <span class='ocrx_word' id='word_1_157' title='bbox 1268 1395 1511 1446; x_wconf 77' lang='lat' dir='ltr'><strong>notatam,</strong></span> <span class='ocrx_word' id='word_1_158' title='bbox 1553 1390 1646 1445; x_wconf 83' lang='lat' dir='ltr'><strong>IV,</strong></span> <span class='ocrx_word' id='word_1_159' title='bbox 1689 1394 1756 1444; x_wconf 88' lang='grc'><strong>43</strong></span> <span class='ocrx_word' id='word_1_160' title='bbox 1794 1387 1957 1448; x_wconf 86' lang='lat' dir='ltr'><strong>(Quin</strong></span> <span class='ocrx_word' id='word_1_161' title='bbox 1988 1388 2067 1434; x_wconf 91' lang='lat' dir='ltr'><strong>illi</strong></span> <span class='ocrx_word' id='word_1_162' title='bbox 2097 1387 2394 1451; x_wconf 77' lang='lat' dir='ltr'><strong>copularent</strong></span> 
     </span>
     <span class='ocr_line' id='line_1_16' title="bbox 261 1476 2393 1543; baseline 0 -20"><span class='ocrx_word' id='word_1_163' title='bbox 261 1477 619 1524; x_wconf 81' lang='lat' dir='ltr'><strong>concordiam?</strong></span> <span class='ocrx_word' id='word_1_164' title='bbox 650 1480 699 1524; x_wconf 92' lang='lat' dir='ltr'><strong>id</strong></span> <span class='ocrx_word' id='word_1_165' title='bbox 735 1485 830 1525; x_wconf 79' lang='lat' dir='ltr'><strong>est:</strong></span> <span class='ocrx_word' id='word_1_166' title='bbox 889 1477 1023 1534; x_wconf 80' lang='lat' dir='ltr'><strong>Quin</strong></span> <span class='ocrx_word' id='word_1_167' title='bbox 1052 1477 1299 1540; x_wconf 86' lang='lat' dir='ltr'><strong>copulatis</strong></span> <span class='ocrx_word' id='word_1_168' title='bbox 1313 1476 1364 1543; x_wconf 89' lang='lat'><strong>?)</strong></span> <span class='ocrx_word' id='word_1_169' title='bbox 1400 1487 1450 1526; x_wconf 87' lang='lat' dir='ltr'><strong>ct</strong></span> <span class='ocrx_word' id='word_1_170' title='bbox 1477 1477 1720 1538; x_wconf 88' lang='lat' dir='ltr'><strong>XXXIX,</strong></span> <span class='ocrx_word' id='word_1_171' title='bbox 1753 1486 1818 1533; x_wconf 85' lang='lat'><strong>32</strong></span> <span class='ocrx_word' id='word_1_172' title='bbox 1857 1477 2021 1540; x_wconf 88' lang='lat' dir='ltr'><strong>(Quin</strong></span> <span class='ocrx_word' id='word_1_173' title='bbox 2049 1478 2135 1524; x_wconf 88' lang='lat' dir='ltr'><strong>ille</strong></span> <span class='ocrx_word' id='word_1_174' title='bbox 2154 1503 2222 1513; x_wconf 92' lang='lat'>—</span> <span class='ocrx_word' id='word_1_175' title='bbox 2245 1477 2393 1523; x_wconf 86' lang='lat' dir='ltr'><strong>sede-</strong></span> 
     </span>
     <span class='ocr_line' id='line_1_17' title="bbox 260 1564 2393 1633; baseline 0 -20"><span class='ocrx_word' id='word_1_176' title='bbox 260 1564 373 1614; x_wconf 88' lang='lat' dir='ltr'><strong>ret?</strong></span> <span class='ocrx_word' id='word_1_177' title='bbox 407 1568 457 1615; x_wconf 90' lang='lat' dir='ltr'><strong>id</strong></span> <span class='ocrx_word' id='word_1_178' title='bbox 492 1574 587 1615; x_wconf 85' lang='lat' dir='ltr'><strong>est:</strong></span> <span class='ocrx_word' id='word_1_179' title='bbox 641 1566 777 1624; x_wconf 88' lang='lat' dir='ltr'><strong>Quin</strong></span> <span class='ocrx_word' id='word_1_180' title='bbox 803 1564 1092 1633; x_wconf 84' lang='lat' dir='ltr'><strong>—sedes?)</strong></span> <span class='ocrx_word' id='word_1_181' title='bbox 1112 1565 1175 1630; x_wconf 86' lang='lat'><strong>²).</strong></span> <span class='ocrx_word' id='word_1_182' title='bbox 1242 1567 1321 1613; x_wconf 79' lang='lat' dir='ltr'><strong>Ex</strong></span> <span class='ocrx_word' id='word_1_183' title='bbox 1353 1568 1633 1617; x_wconf 87' lang='lat' dir='ltr'><strong>Caesare:</strong></span> <span class='ocrx_word' id='word_1_184' title='bbox 1685 1568 1741 1615; x_wconf 92' lang='grc' dir='ltr'><strong>Β.</strong></span> <span class='ocrx_word' id='word_1_185' title='bbox 1776 1567 1837 1615; x_wconf 92' lang='lat' dir='ltr'><strong>G.</strong></span> <span class='ocrx_word' id='word_1_186' title='bbox 1871 1568 1910 1625; x_wconf 91' lang='grc' dir='ltr'><strong>Ι,</strong></span> <span class='ocrx_word' id='word_1_187' title='bbox 1943 1573 2034 1622; x_wconf 83' lang='grc'><strong>40;</strong></span> <span class='ocrx_word' id='word_1_188' title='bbox 2087 1567 2228 1627; x_wconf 83' lang='lat' dir='ltr'><strong>Quid</strong></span> <span class='ocrx_word' id='word_1_189' title='bbox 2271 1574 2393 1614; x_wconf 85' lang='lat' dir='ltr'><strong>tan-</strong></span> 
     </span>
     <span class='ocr_line' id='line_1_18' title="bbox 262 1654 2396 1724; baseline 0 -19"><span class='ocrx_word' id='word_1_190' title='bbox 262 1658 375 1705; x_wconf 91' lang='lat' dir='ltr'><strong>dem</strong></span> <span class='ocrx_word' id='word_1_191' title='bbox 410 1654 738 1705; x_wconf 84' lang='lat' dir='ltr'><strong>uererentur?</strong></span> <span class='ocrx_word' id='word_1_192' title='bbox 782 1664 873 1703; x_wconf 87' lang='lat' dir='ltr'><strong>aut</strong></span> <span class='ocrx_word' id='word_1_193' title='bbox 906 1666 996 1704; x_wconf 88' lang='lat' dir='ltr'><strong>cur</strong></span> <span class='ocrx_word' id='word_1_194' title='bbox 1020 1683 1083 1692; x_wconf 90' lang='lat'><strong>—</strong></span> <span class='ocrx_word' id='word_1_195' title='bbox 1107 1656 1473 1720; x_wconf 81' lang='lat' dir='ltr'><strong>desperarent?</strong></span> <span class='ocrx_word' id='word_1_196' title='bbox 1515 1657 1784 1718; x_wconf 88' lang='lat' dir='ltr'><strong>(ueremini</strong></span> <span class='ocrx_word' id='word_1_197' title='bbox 1796 1656 1847 1724; x_wconf 94' lang='lat'><strong>?)</strong></span> <span class='ocrx_word' id='word_1_198' title='bbox 1893 1659 1993 1707; x_wconf 89' lang='lat' dir='ltr'><strong>ibd.</strong></span> <span class='ocrx_word' id='word_1_199' title='bbox 2026 1658 2072 1719; x_wconf 94' lang='lat' dir='ltr'><strong>I,</strong></span> <span class='ocrx_word' id='word_1_200' title='bbox 2104 1664 2198 1714; x_wconf 76' lang='lat'><strong>44:</strong></span> <span class='ocrx_word' id='word_1_201' title='bbox 2255 1656 2396 1716; x_wconf 80' lang='lat' dir='ltr'><strong>Quid</strong></span> 
     </span>
     <span class='ocr_line' id='line_1_19' title="bbox 258 1746 2393 1813; baseline 0 -18"><span class='ocrx_word' id='word_1_202' title='bbox 258 1748 352 1796; x_wconf 83' lang='lat' dir='ltr'><strong>sibi</strong></span> <span class='ocrx_word' id='word_1_203' title='bbox 383 1746 574 1794; x_wconf 87' lang='lat' dir='ltr'><strong>uellet?</strong></span> <span class='ocrx_word' id='word_1_204' title='bbox 635 1761 726 1792; x_wconf 90' lang='lat' dir='ltr'><strong>cur</strong></span> <span class='ocrx_word' id='word_1_205' title='bbox 757 1746 810 1792; x_wconf 89' lang='lat' dir='ltr'><strong>in</strong></span> <span class='ocrx_word' id='word_1_206' title='bbox 844 1762 965 1792; x_wconf 83' lang='lat' dir='ltr'><strong>suas</strong></span> <span class='ocrx_word' id='word_1_207' title='bbox 993 1747 1333 1809; x_wconf 85' lang='lat' dir='ltr'><strong>possessiones</strong></span> <span class='ocrx_word' id='word_1_208' title='bbox 1365 1746 1595 1795; x_wconf 82' lang='lat' dir='ltr'><strong>ueniret?</strong></span> <span class='ocrx_word' id='word_1_209' title='bbox 1644 1747 1759 1807; x_wconf 88' lang='lat' dir='ltr'><strong>(tibi</strong></span> <span class='ocrx_word' id='word_1_210' title='bbox 1787 1747 1908 1794; x_wconf 83' lang='lat' dir='ltr'><strong>uis?</strong></span> <span class='ocrx_word' id='word_1_211' title='bbox 1950 1773 2020 1783; x_wconf 93' lang='lat'><strong>—</strong></span> <span class='ocrx_word' id='word_1_212' title='bbox 2051 1747 2194 1794; x_wconf 89' lang='lat' dir='ltr'><strong>uenis</strong></span> <span class='ocrx_word' id='word_1_213' title='bbox 2207 1746 2258 1813; x_wconf 88' lang='lat'><strong>?)</strong></span> <span class='ocrx_word' id='word_1_214' title='bbox 2308 1746 2393 1808; x_wconf 91' lang='lat' dir='ltr'><strong>IV,</strong></span> 
     </span>
     <span class='ocr_line' id='line_1_20' title="bbox 261 1833 2393 1898; baseline -0 -14"><span class='ocrx_word' id='word_1_215' title='bbox 261 1840 349 1892; x_wconf 81' lang='lat'><strong>16:</strong></span> <span class='ocrx_word' id='word_1_216' title='bbox 397 1851 487 1883; x_wconf 87' lang='lat' dir='ltr'><strong>cur</strong></span> <span class='ocrx_word' id='word_1_217' title='bbox 512 1833 836 1898; x_wconf 78' lang='lat' dir='ltr'><strong>postularet?</strong></span> <span class='ocrx_word' id='word_1_218' title='bbox 868 1837 946 1883; x_wconf 81' lang='lat' dir='ltr'><strong>Ex</strong></span> <span class='ocrx_word' id='word_1_219' title='bbox 981 1837 1236 1884; x_wconf 83' lang='lat' dir='ltr'><strong>Tacito:</strong></span> <span class='ocrx_word' id='word_1_220' title='bbox 1282 1836 1408 1884; x_wconf 87' lang='lat' dir='ltr'><strong>Ann.</strong></span> <span class='ocrx_word' id='word_1_221' title='bbox 1441 1838 1477 1898; x_wconf 94' lang='lat' dir='ltr'><strong>I,</strong></span> <span class='ocrx_word' id='word_1_222' title='bbox 1513 1846 1599 1898; x_wconf 86' lang='lat'><strong>19:</strong></span> <span class='ocrx_word' id='word_1_223' title='bbox 1650 1838 1696 1884; x_wconf 84' lang='lat' dir='ltr'><strong>si</strong></span> <span class='ocrx_word' id='word_1_224' title='bbox 1729 1839 2006 1895; x_wconf 88' lang='lat' dir='ltr'><strong>tenderent,</strong></span> <span class='ocrx_word' id='word_1_225' title='bbox 2031 1863 2089 1873; x_wconf 93' lang='lat'>—</span> <span class='ocrx_word' id='word_1_226' title='bbox 2119 1851 2211 1885; x_wconf 87' lang='lat' dir='ltr'><strong>cur</strong></span> <span class='ocrx_word' id='word_1_227' title='bbox 2229 1836 2393 1884; x_wconf 90' lang='lat' dir='ltr'><strong>medi-</strong></span> 
     </span>
     <span class='ocr_line' id='line_1_21' title="bbox 258 1923 2391 1988; baseline 0 -16"><span class='ocrx_word' id='word_1_228' title='bbox 258 1933 428 1972; x_wconf 88' lang='lat' dir='ltr'><strong>tentur</strong></span> <span class='ocrx_word' id='word_1_229' title='bbox 463 1924 798 1984; x_wconf 86' lang='lat' dir='ltr'><strong>(meditamini</strong></span> <span class='ocrx_word' id='word_1_230' title='bbox 813 1923 862 1988; x_wconf 87' lang='lat'><strong>?)</strong></span> <span class='ocrx_word' id='word_1_231' title='bbox 900 1926 998 1972; x_wconf 82' lang='lat' dir='ltr'><strong>ibd.</strong></span> <span class='ocrx_word' id='word_1_232' title='bbox 1031 1929 1124 1979; x_wconf 83' lang='lat'><strong>26:</strong></span> <span class='ocrx_word' id='word_1_233' title='bbox 1174 1940 1266 1971; x_wconf 90' lang='lat' dir='ltr'><strong>cur</strong></span> <span class='ocrx_word' id='word_1_234' title='bbox 1298 1925 1553 1973; x_wconf 89' lang='lat' dir='ltr'><strong>uenisset?</strong></span> <span class='ocrx_word' id='word_1_235' title='bbox 1596 1932 1688 1980; x_wconf 81' lang='lat'><strong>40:</strong></span> <span class='ocrx_word' id='word_1_236' title='bbox 1737 1940 1829 1972; x_wconf 91' lang='lat' dir='ltr'><strong>cur</strong></span> <span class='ocrx_word' id='word_1_237' title='bbox 1862 1925 2106 1974; x_wconf 77' lang='lat' dir='ltr'><strong>haberet?</strong></span> <span class='ocrx_word' id='word_1_238' title='bbox 2139 1926 2268 1987; x_wconf 91' lang='lat' dir='ltr'><strong>XIII,</strong></span> <span class='ocrx_word' id='word_1_239' title='bbox 2300 1931 2391 1988; x_wconf 77' lang='lat'><strong>49:</strong></span> 
     </span>
     <span class='ocr_line' id='line_1_22' title="bbox 258 2012 2390 2078; baseline 0.001 -17"><span class='ocrx_word' id='word_1_240' title='bbox 258 2029 348 2062; x_wconf 88' lang='lat' dir='ltr'><strong>cur</strong></span> <span class='ocrx_word' id='word_1_241' title='bbox 376 2013 508 2061; x_wconf 88' lang='lat' dir='ltr'><strong>enim</strong></span> <span class='ocrx_word' id='word_1_242' title='bbox 528 2040 595 2049; x_wconf 95' lang='lat'>—</span> <span class='ocrx_word' id='word_1_243' title='bbox 616 2012 1019 2061; x_wconf 85' lang='lat' dir='ltr'><strong>consectaretur?</strong></span> <span class='ocrx_word' id='word_1_244' title='bbox 1067 2014 1186 2078; x_wconf 82' lang='lat' dir='ltr'><strong>quin</strong></span> <span class='ocrx_word' id='word_1_245' title='bbox 1229 2015 1465 2061; x_wconf 78' lang='lat' dir='ltr'><strong>suaderet</strong></span> <span class='ocrx_word' id='word_1_246' title='bbox 1506 2014 1924 2063; x_wconf 83' lang='lat' dir='ltr'><strong>dissuaderetue?</strong></span> <span class='ocrx_word' id='word_1_247' title='bbox 1974 2016 2106 2064; x_wconf 83' lang='lat' dir='ltr'><strong>Hist.</strong></span> <span class='ocrx_word' id='word_1_248' title='bbox 2151 2017 2240 2073; x_wconf 87' lang='lat'><strong>111,</strong></span> <span class='ocrx_word' id='word_1_249' title='bbox 2299 2023 2390 2071; x_wconf 89' lang='lat'><strong>70:</strong></span> 
     </span>
     <span class='ocr_line' id='line_1_23' title="bbox 258 2101 857 2166; baseline -0.003 -17"><span class='ocrx_word' id='word_1_250' title='bbox 258 2118 349 2150; x_wconf 86' lang='lat' dir='ltr'><strong>cur</strong></span> <span class='ocrx_word' id='word_1_251' title='bbox 381 2103 513 2149; x_wconf 90' lang='lat' dir='ltr'><strong>enim</strong></span> <span class='ocrx_word' id='word_1_252' title='bbox 534 2129 598 2137; x_wconf 90' lang='lat'><em>-</em></span> <span class='ocrx_word' id='word_1_253' title='bbox 612 2101 857 2166; x_wconf 84' lang='lat' dir='ltr'><strong>petisset?</strong></span> 
     </span>
    </p>

    <p class='ocr_par' dir='ltr' id='par_1_3' title="bbox 256 2193 2395 2530">
     <span class='ocr_line' id='line_1_24' title="bbox 439 2193 2395 2259; baseline 0.001 -18"><span class='ocrx_word' id='word_1_254' title='bbox 439 2195 490 2242; x_wconf 84' lang='lat' dir='ltr'><strong>C.</strong></span> <span class='ocrx_word' id='word_1_255' title='bbox 556 2194 634 2240; x_wconf 82' lang='lat' dir='ltr'><strong>Ex</strong></span> <span class='ocrx_word' id='word_1_256' title='bbox 668 2193 897 2240; x_wconf 76' lang='lat' dir='ltr'><strong>Livio:</strong></span> <span class='ocrx_word' id='word_1_257' title='bbox 944 2193 1060 2253; x_wconf 84' lang='lat' dir='ltr'><strong>VII,</strong></span> <span class='ocrx_word' id='word_1_258' title='bbox 1105 2202 1194 2248; x_wconf 84' lang='lat'><strong>20:</strong></span> <span class='ocrx_word' id='word_1_259' title='bbox 1247 2196 1393 2242; x_wconf 83' lang='lat' dir='ltr'><strong>Eune</strong></span> <span class='ocrx_word' id='word_1_260' title='bbox 1427 2194 1628 2242; x_wconf 87' lang='lat' dir='ltr'><strong>meritos</strong></span> <span class='ocrx_word' id='word_1_261' title='bbox 1673 2196 1896 2242; x_wconf 83' lang='lat' dir='ltr'><strong>crederet</strong></span> <span class='ocrx_word' id='word_1_262' title='bbox 1930 2195 2194 2259; x_wconf 81' lang='lat' dir='ltr'><strong>quisquam</strong></span> <span class='ocrx_word' id='word_1_263' title='bbox 2228 2194 2395 2242; x_wconf 75' lang='lat' dir='ltr'><strong>hostes</strong></span> 
     </span>
     <span class='ocr_line' id='line_1_25' title="bbox 256 2281 2392 2351; baseline 0.001 -22"><span class='ocrx_word' id='word_1_264' title='bbox 256 2289 461 2346; x_wconf 84' lang='lat' dir='ltr'><strong>repente</strong></span> <span class='ocrx_word' id='word_1_265' title='bbox 507 2282 615 2329; x_wconf 89' lang='lat' dir='ltr'><strong>sine</strong></span> <span class='ocrx_word' id='word_1_266' title='bbox 663 2299 819 2329; x_wconf 83' lang='lat' dir='ltr'><strong>causa</strong></span> <span class='ocrx_word' id='word_1_267' title='bbox 843 2281 1061 2343; x_wconf 83' lang='lat' dir='ltr'><strong>factos?</strong></span> <span class='ocrx_word' id='word_1_268' title='bbox 1106 2285 1219 2349; x_wconf 81' lang='lat' dir='ltr'><strong>(hoc</strong></span> <span class='ocrx_word' id='word_1_269' title='bbox 1263 2292 1360 2331; x_wconf 84' lang='lat' dir='ltr'><strong>est:</strong></span> <span class='ocrx_word' id='word_1_270' title='bbox 1422 2286 1595 2331; x_wconf 87' lang='lat' dir='ltr'><strong>credat</strong></span> <span class='ocrx_word' id='word_1_271' title='bbox 1640 2286 1904 2349; x_wconf 84' lang='lat' dir='ltr'><strong>quisquam</strong></span> <span class='ocrx_word' id='word_1_272' title='bbox 1917 2284 1967 2351; x_wconf 90' lang='lat'><strong>?)</strong></span> <span class='ocrx_word' id='word_1_273' title='bbox 2015 2287 2113 2332; x_wconf 86' lang='lat' dir='ltr'><strong>ibd.</strong></span> <span class='ocrx_word' id='word_1_274' title='bbox 2147 2293 2236 2341; x_wconf 85' lang='lat'><strong>38:</strong></span> <span class='ocrx_word' id='word_1_275' title='bbox 2302 2300 2392 2332; x_wconf 89' lang='lat' dir='ltr'><strong>cur</strong></span> 
     </span>
     <span class='ocr_line' id='line_1_26' title="bbox 256 2372 2394 2439; baseline 0.001 -19"><span class='ocrx_word' id='word_1_276' title='bbox 256 2379 426 2420; x_wconf 87' lang='lat' dir='ltr'><strong>autem</strong></span> <span class='ocrx_word' id='word_1_277' title='bbox 470 2372 643 2434; x_wconf 85' lang='lat' dir='ltr'><strong>potius</strong></span> <span class='ocrx_word' id='word_1_278' title='bbox 688 2373 934 2436; x_wconf 86' lang='lat' dir='ltr'><strong>Campani</strong></span> <span class='ocrx_word' id='word_1_279' title='bbox 972 2389 1155 2437; x_wconf 83' lang='lat' dir='ltr'><strong>agrum</strong></span> <span class='ocrx_word' id='word_1_280' title='bbox 1200 2374 1369 2422; x_wconf 83' lang='lat' dir='ltr'><strong>Italiae</strong></span> <span class='ocrx_word' id='word_1_281' title='bbox 1406 2375 1710 2423; x_wconf 85' lang='lat' dir='ltr'><strong>uberrimum</strong></span> <span class='ocrx_word' id='word_1_282' title='bbox 1750 2391 1901 2439; x_wconf 86' lang='lat' dir='ltr'><strong>quam</strong></span> <span class='ocrx_word' id='word_1_283' title='bbox 1943 2374 2106 2421; x_wconf 90' lang='lat' dir='ltr'><strong>uictor</strong></span> <span class='ocrx_word' id='word_1_284' title='bbox 2148 2375 2394 2424; x_wconf 84' lang='lat' dir='ltr'><strong>exercitus</strong></span> 
     </span>
     <span class='ocr_line' id='line_1_27' title="bbox 258 2458 2393 2530; baseline 0.002 -21"><span class='ocrx_word' id='word_1_285' title='bbox 258 2458 502 2521; x_wconf 67' lang='lat' dir='ltr'><strong>haberet?</strong></span> <span class='ocrx_word' id='word_1_286' title='bbox 538 2460 654 2520; x_wconf 87' lang='lat' dir='ltr'><strong>(cur</strong></span> <span class='ocrx_word' id='word_1_287' title='bbox 673 2462 846 2525; x_wconf 86' lang='lat' dir='ltr'><strong>potius</strong></span> <span class='ocrx_word' id='word_1_288' title='bbox 866 2487 934 2498; x_wconf 93' lang='lat'>—</span> <span class='ocrx_word' id='word_1_289' title='bbox 955 2462 1199 2528; x_wconf 51' lang='lat' dir='ltr'><strong>habeat&amp;</strong></span> <span class='ocrx_word' id='word_1_290' title='bbox 1236 2463 1392 2526; x_wconf 88' lang='lat' dir='ltr'><strong>XLV,</strong></span> <span class='ocrx_word' id='word_1_291' title='bbox 1424 2473 1512 2526; x_wconf 86' lang='lat'><strong>19:</strong></span> <span class='ocrx_word' id='word_1_292' title='bbox 1543 2465 1774 2513; x_wconf 83' lang='lat' dir='ltr'><strong>Attalum</strong></span> <span class='ocrx_word' id='word_1_293' title='bbox 1808 2478 1954 2526; x_wconf 86' lang='lat' dir='ltr'><strong>uero,</strong></span> <span class='ocrx_word' id='word_1_294' title='bbox 1999 2463 2121 2529; x_wconf 82' lang='lat' dir='ltr'><strong>quia</strong></span> <span class='ocrx_word' id='word_1_295' title='bbox 2154 2465 2393 2530; x_wconf 85' lang='lat' dir='ltr'><strong>(ineptum</strong></span> 
     </span>
    </p>
   </div>
   <div class='ocr_carea' id='block_1_2' title="bbox 261 2604 619 2617">
    <p class='ocr_par' dir='ltr' id='par_1_4' title="bbox 261 2604 619 2617">
     <span class='ocr_line' id='line_1_28' title="bbox 261 2604 619 2617; baseline 0 567"><span class='ocrx_word' id='word_1_296' title='bbox 261 2604 619 2617; x_wconf 95' lang='lat' dir='ltr'><strong> </strong></span> 
     </span>
    </p>
   </div>
   <div class='ocr_carea' id='block_1_3' title="bbox 354 2677 2393 2795">
    <p class='ocr_par' dir='ltr' id='par_1_5' title="bbox 354 2677 2393 2795">
     <span class='ocr_line' id='line_1_29' title="bbox 354 2677 2393 2736; baseline 0.002 -15"><span class='ocrx_word' id='word_1_297' title='bbox 354 2689 389 2731; x_wconf 83' lang='lat'><strong>1)</strong></span> <span class='ocrx_word' id='word_1_298' title='bbox 435 2677 552 2721; x_wconf 72' lang='lat' dir='ltr'><strong>Peius</strong></span> <span class='ocrx_word' id='word_1_299' title='bbox 570 2687 611 2719; x_wconf 85' lang='lat' dir='ltr'><strong>iu</strong></span> <span class='ocrx_word' id='word_1_300' title='bbox 631 2688 805 2721; x_wconf 80' lang='lat' dir='ltr'><strong>oratione</strong></span> <span class='ocrx_word' id='word_1_301' title='bbox 829 2694 932 2722; x_wconf 79' lang='lat' dir='ltr'><strong>recta</strong></span> <span class='ocrx_word' id='word_1_302' title='bbox 954 2687 1055 2733; x_wconf 80' lang='lat' dir='ltr'><strong>apud</strong></span> <span class='ocrx_word' id='word_1_303' title='bbox 1073 2686 1228 2722; x_wconf 87' lang='lat' dir='ltr'><strong>Liuium</strong></span> <span class='ocrx_word' id='word_1_304' title='bbox 1248 2686 1391 2731; x_wconf 85' lang='lat' dir='ltr'><strong>VII,40</strong></span> <span class='ocrx_word' id='word_1_305' title='bbox 1407 2697 1477 2732; x_wconf 83' lang='lat' dir='ltr'><strong>pro</strong></span> <span class='ocrx_word' id='word_1_306' title='bbox 1496 2688 1642 2724; x_wconf 78' lang='lat' dir='ltr'><strong>ironica</strong></span> <span class='ocrx_word' id='word_1_307' title='bbox 1664 2688 1928 2724; x_wconf 74' lang='lat' dir='ltr'><strong>dehortatione</strong></span> <span class='ocrx_word' id='word_1_308' title='bbox 1949 2690 2014 2733; x_wconf 83' lang='lat' dir='ltr'><strong>(ne</strong></span> <span class='ocrx_word' id='word_1_309' title='bbox 2038 2690 2279 2736; x_wconf 77' lang='lat' dir='ltr'><strong>destiteritis)</strong></span> <span class='ocrx_word' id='word_1_310' title='bbox 2298 2689 2393 2727; x_wconf 79' lang='lat' dir='ltr'><strong>sub·</strong></span> 
     </span>
     <span class='ocr_line' id='line_1_30' title="bbox 438 2747 1539 2795; baseline 0.002 -13"><span class='ocrx_word' id='word_1_311' title='bbox 438 2750 602 2782; x_wconf 80' lang='lat' dir='ltr'><strong>stituunt</strong></span> <span class='ocrx_word' id='word_1_312' title='bbox 628 2749 981 2792; x_wconf 73' lang='lat' dir='ltr'><strong>interrogationem,</strong></span> <span class='ocrx_word' id='word_1_313' title='bbox 1005 2750 1114 2795; x_wconf 77' lang='lat' dir='ltr'><strong>quasi</strong></span> <span class='ocrx_word' id='word_1_314' title='bbox 1134 2751 1206 2786; x_wconf 77' lang='lat' dir='ltr'><strong>sit:</strong></span> <span class='ocrx_word' id='word_1_315' title='bbox 1234 2760 1305 2784; x_wconf 85' lang='lat' dir='ltr'><strong>non</strong></span> <span class='ocrx_word' id='word_1_316' title='bbox 1324 2747 1539 2784; x_wconf 79' lang='lat' dir='ltr'><strong>desistetis?</strong></span> 
     </span>
    </p>
   </div>
   <div class='ocr_carea' id='block_1_4' title="bbox 352 2814 2393 2950">
    <p class='ocr_par' dir='ltr' id='par_1_6' title="bbox 352 2814 2393 2950">
     <span class='ocr_line' id='line_1_31' title="bbox 352 2814 2393 2870; baseline 0.004 -19"><span class='ocrx_word' id='word_1_317' title='bbox 352 2819 390 2863; x_wconf 76' lang='lat'><strong>2)</strong></span> <span class='ocrx_word' id='word_1_318' title='bbox 440 2817 539 2863; x_wconf 83' lang='lat' dir='ltr'><strong>Quin</strong></span> <span class='ocrx_word' id='word_1_319' title='bbox 559 2828 600 2851; x_wconf 79' lang='lat' dir='ltr'><strong>se</strong></span> <span class='ocrx_word' id='word_1_320' title='bbox 619 2816 751 2863; x_wconf 79' lang='lat' dir='ltr'><strong>facere</strong></span> <span class='ocrx_word' id='word_1_321' title='bbox 765 2814 784 2851; x_wconf 83' lang='lat'><strong>?</strong></span> <span class='ocrx_word' id='word_1_322' title='bbox 830 2827 901 2861; x_wconf 83' lang='lat' dir='ltr'><strong>pro</strong></span> <span class='ocrx_word' id='word_1_323' title='bbox 920 2827 967 2851; x_wconf 87' lang='lat' dir='ltr'><strong>eo</strong></span> <span class='ocrx_word' id='word_1_324' title='bbox 991 2817 1097 2863; x_wconf 81' lang='lat' dir='ltr'><strong>quod</strong></span> <span class='ocrx_word' id='word_1_325' title='bbox 1128 2824 1206 2853; x_wconf 76' lang='lat' dir='ltr'><strong>est:</strong></span> <span class='ocrx_word' id='word_1_326' title='bbox 1234 2818 1333 2865; x_wconf 84' lang='lat' dir='ltr'><strong>Quin</strong></span> <span class='ocrx_word' id='word_1_327' title='bbox 1350 2816 1552 2865; x_wconf 81' lang='lat' dir='ltr'><strong>facimus?</strong></span> <span class='ocrx_word' id='word_1_328' title='bbox 1574 2830 1653 2856; x_wconf 86' lang='lat' dir='ltr'><strong>non</strong></span> <span class='ocrx_word' id='word_1_329' title='bbox 1673 2823 1846 2867; x_wconf 82' lang='lat' dir='ltr'><strong>reperio,</strong></span> <span class='ocrx_word' id='word_1_330' title='bbox 1876 2831 1950 2858; x_wconf 81' lang='lat' dir='ltr'><strong>nec</strong></span> <span class='ocrx_word' id='word_1_331' title='bbox 1973 2820 2116 2858; x_wconf 85' lang='lat' dir='ltr'><strong>dictum</strong></span> <span class='ocrx_word' id='word_1_332' title='bbox 2136 2830 2254 2870; x_wconf 79' lang='lat' dir='ltr'><strong>puto,</strong></span> <span class='ocrx_word' id='word_1_333' title='bbox 2289 2823 2393 2869; x_wconf 82' lang='lat' dir='ltr'><strong>quod</strong></span> 
     </span>
     <span class='ocr_line' id='line_1_32' title="bbox 436 2874 1584 2950; baseline 0.003 -38"><span class='ocrx_word' id='word_1_334' title='bbox 436 2877 624 2950; x_wconf 65' lang='lat' dir='ltr'><strong>particula</strong></span> <span class='ocrx_word' id='word_1_335' title='bbox 644 2877 712 2913; x_wconf 77' lang='lat' dir='ltr'><strong>illa</strong></span> <span class='ocrx_word' id='word_1_336' title='bbox 730 2874 971 2914; x_wconf 76' lang='lat' dir='ltr'><strong>infinitiuum</strong></span> <span class='ocrx_word' id='word_1_337' title='bbox 989 2886 1210 2925; x_wconf 55' lang='lat' dir='ltr'><strong>respuerem</strong></span> <span class='ocrx_word' id='word_1_338' title='bbox 1244 2878 1322 2917; x_wconf 75' lang='lat' dir='ltr'><strong>vid.</strong></span> <span class='ocrx_word' id='word_1_339' title='bbox 1347 2879 1463 2926; x_wconf 71' lang='lat' dir='ltr'><strong>paulo</strong></span> <span class='ocrx_word' id='word_1_340' title='bbox 1484 2886 1584 2927; x_wconf 71' lang='lat' dir='ltr'><strong>post.</strong></span> 
     </span>
    </p>
   </div>
   <div class='ocr_carea' id='block_1_5' title="bbox 2109 2967 2131 2990">
    <p class='ocr_par' dir='ltr' id='par_1_7' title="bbox 2109 2967 2131 2990">
     <span class='ocr_line' id='line_1_33' title="bbox 2109 2967 2131 2990; baseline 0 0"><span class='ocrx_word' id='word_1_341' title='bbox 2109 2967 2131 2990; x_wconf 80' lang='lat'>2</span> 
     </span>
    </p>
   </div>
  </div>
 </body>
</html>
