2608 3184
2232 132 2295 183 21

239 285 417 345 inuno
443 278 937 343 mamanetgrutia3
969 281 1025 330 in
1055 296 1151 345 quo
1172 279 1282 330 loco
1304 294 1452 345 quum
1484 280 1546 330 ad
1577 292 1848 345 pronomen
1876 279 2008 330 illud
2038 277 2358 329 attendendus

241 382 346 424 erat
376 374 567 420 animus
599 377 702 418 tum
726 371 789 417 ad
812 372 1128 418 indicatiuum
1158 372 1298 418 uerbi
1326 372 1549 430 modum,
1579 373 1706 433 quod
1736 374 1868 419 modi
1889 372 2150 418 discrimen
2182 371 2358 416 mirum

240 471 313 511 est
343 477 542 524 prorsus
577 461 639 508 ab
671 462 744 521 iis,
778 462 862 523 qui
894 460 1020 507 hanc
1049 476 1153 508 rem
1183 467 1412 516 tractant,
1443 461 1644 523 negligi;
1697 478 1760 509 ex
1794 469 2003 524 utroque
2046 462 2176 507 enim
2211 467 2359 522 patet,

235 553 380 615 longe
413 551 554 600 aliam
587 567 693 598 esse
725 552 1014 598 sententiam
1054 567 1111 598 ac
1143 552 1186 599 si
1220 551 1393 598 Cicero
1428 553 1655 598 dixisset:
1706 551 1958 598 sciendum
1993 561 2102 612 est,
2156 565 2357 597 manere

233 642 486 708 gratiam3
529 659 629 690 non
665 641 795 688 enim
830 640 973 687 docet
1004 641 1193 698 Cicero,
1232 642 1302 689 ita
1335 657 1467 700 esse,
1514 642 1599 688 sed
1635 658 1740 689 rem
1784 650 1949 690 notam
1995 650 2046 690 et
2079 656 2356 689 concessam

234 732 462 796 (factum
494 748 623 780 nunc
657 728 879 791 dicimus)
912 732 1205 777 considerari
1243 732 1395 780 iubet.
1460 732 1628 794 Itaque
1663 739 1770 778 orta
1805 739 1878 778 est
1910 733 2163 778 sententiae
2198 729 2357 777 forma

235 837 299 869 ex
343 823 589 870 communi
624 836 717 867 usu
758 819 1008 881 particuloe
1048 819 1205 883 quod,
1255 835 1404 882 quum
1438 822 1507 867 sic
1553 837 1633 868 res
1667 820 1795 868 facta
1828 823 2050 883 ponitur,
2100 827 2154 867 ut
2194 821 2255 867 de
2299 835 2357 866 ea

233 912 415 976 aliquid
456 913 658 958 dicatur.
742 910 1023 971 Eademque
1075 916 1149 955 est
1190 910 1316 955 ratio
1359 909 1479 956 alius
1525 912 1771 958 Ciceronis
1816 911 1911 957 loci
1953 913 2004 958 in
2047 910 2173 957 libro
2226 910 2249 955 1
2293 911 2356 957 de

235 1001 446 1066 Legibus
472 1017 514 1048 c.
551 1010 609 1055 11
627 1036 641 1061 ‚
667 1008 758 1055 32:
804 997 934 1044 illud
964 1006 1237 1046 extremum
1267 1006 1365 1059 est,
1396 1000 1532 1062 quod
1561 1008 1692 1047 recte
1726 1000 1933 1048 uiuendi
1963 998 2098 1047 ratio
2125 999 2353 1048 meliores

224 1090 368 1152 facit
375 1105 396 1149 ,·
444 1105 600 1152 neque
640 1091 769 1136 enim
803 1087 897 1134 hoc
932 1104 994 1134 ex
1027 1095 1140 1135 ante
1173 1089 1311 1135 dictis
1356 1089 1683 1150 concluditur,
1736 1092 1822 1137 sed
1867 1089 2063 1136 aliunde
2106 1097 2353 1150 sumptum

232 1181 519 1228 adnectitur.
540 1178 585 1244 ¹)
655 1179 805 1225 Et-de
835 1178 1068 1225 Cicerone
1099 1179 1215 1225 satis
1250 1179 1431 1226 dictum
1470 1186 1571 1240 est3
1615 1196 1728 1227 nam
1766 1182 1827 1228 de
1860 1179 1954 1242 Ep.
1984 1180 2046 1226 ad
2082 1177 2181 1227 Att.
2215 1178 2287 1239 X,
2320 1183 2354 1232 4

232 1273 347 1317 satis
374 1272 466 1317 erit
499 1268 670 1314 Orellii
711 1274 877 1313 notam
906 1268 1188 1328 inspexisse.
1259 1267 1455 1314 Liuium
1489 1268 1614 1315 libro
1645 1270 1738 1325 111,
1786 1277 1875 1329 52,
1909 1269 1993 1315 olii
2026 1275 2213 1315 certum
2248 1282 2352 1313 esse

232 1367 429 1423 putant,
462 1359 715 1419 Zumptius
745 1356 914 1404 saltem
948 1354 1237 1413 uerisimile,
1285 1357 1346 1403 ad
1380 1355 1508 1404 hanc
1544 1357 1753 1407 formam
1797 1361 2068 1421 scripsisse:
2127 1358 2353 1420 scituros,

230 1450 366 1513 quod
405 1447 511 1494 sine
553 1447 787 1493 restituta
822 1452 1081 1508 potestata
1122 1444 1288 1507 redigi
1323 1445 1376 1491 in
1420 1447 1736 1493 concordiam
1784 1463 1866 1494 res
1909 1455 2186 1510 nequeant3
2246 1464 2350 1510 ego,

228 1540 417 1586 etiamsi
452 1538 794 1592 concederem,
852 1536 1049 1582 Liuium
1094 1536 1271 1581 dixisse
1314 1534 1415 1583 scio
1452 1538 1611 1599 quod,
1672 1545 1836 1585 tamen
1878 1539 2200 1584 certissimum
2243 1553 2350 1584 esse

225 1629 516 1686 iudicarem,
555 1628 624 1673 sic
661 1627 724 1672 ab
760 1642 818 1671 eo
850 1626 1082 1685 scriptum
1116 1624 1352 1680 hocloco
1383 1641 1482 1672 non
1514 1643 1642 1689 esse3
1702 1644 1810 1690 quae
1837 1634 1912 1673 est
1943 1628 2072 1673 enim
2107 1628 2199 1672 ista
2229 1627 2349 1673 bar-

226 1719 414 1765 baries:
462 1715 596 1763 sine
629 1715 859 1763 restituta
887 1721 1140 1776 potestate
1172 1729 1264 1775 pro
1295 1730 1380 1774 eo,
1427 1718 1555 1777 quod
1582 1716 1756 1763 Latine
1791 1718 1990 1764 dicitnr:
2035 1715 2164 1761 nisi
2198 1715 2348 1763 resti-

226 1813 339 1853 tuta
369 1804 655 1867 potestate?
705 1805 927 1850 Editores
963 1805 1091 1849 enim
1126 1810 1176 1849 et
1205 1805 1532 1865 grammatici,
1561 1812 1617 1850 ut
1647 1820 1800 1866 saepe,
1835 1807 1950 1851 dum
1983 1806 2043 1850 de
2078 1820 2175 1850 una
2208 1812 2348 1866 parte

224 1894 346 1955 loci,
397 1909 492 1957 qua
531 1892 751 1955 regulam
794 1891 998 1939 stabiliri
1031 1892 1326 1940 infirmariae
1364 1891 1564 1954 putant,
1612 1893 1894 1941 affirmando
1928 1900 1978 1940 et
2010 1894 2232 1956 negando
2265 1895 2349 1942 di·-

225 1984 521 2048 gladiantur,
551 1983 613 2029 ad
645 1982 855 2046 reliqua,
888 1982 1059 2044 quibus
1090 1981 1149 2028 lis
1178 1982 1373 2029 decerni
1403 1989 1622 2043 poterat,
1652 1999 1752 2030 non
1785 1984 2113 2035 attenderunt.
2179 1983 2347 2047 Itaque

224 2090 371 2138 quum
405 2074 594 2124 codices
637 2072 849 2119 habeant
885 2070 1191 2134 sciturosque
1230 2070 1360 2131 sine,
1424 2079 1688 2135 aptumque
1731 2075 1795 2121 sit
1829 2059 1954 2135 que,
2014 2088 2172 2136 neque
2211 2075 2348 2138 quod

222 2164 515 2222 scribemus,
557 2169 614 2209 ut
647 2162 888 2224 plerique,
930 2176 1088 2223 neque
1119 2176 1267 2224 quam
1275 2193 1297 2217 ,
1351 2168 1407 2207 ut
1435 2161 1714 2209 Gronouius
1747 2162 1967 2221 uolebat,
2017 2177 2188 2223 parum
2228 2180 2345 2212 sene

222 2261 352 2316 apte,
384 2254 470 2300 sed
503 2252 645 2300 aliam
678 2251 1065 2313 exspectabimus
1095 2250 1392 2312 reliquorum
1424 2252 1686 2298 uerborum
1722 2253 2125 2311 emendationem,
2157 2255 2344 2300 interea

219 2342 314 2389 hoc
344 2341 452 2389 loco
486 2356 577 2403 pro
610 2341 888 2388 testimonio
921 2355 1019 2387 non
1054 2340 1327 2404 utemur02)
1429 2341 1526 2388 Sed
1558 2356 1757 2402 prorsus
1788 2347 1973 2387 certum
2007 2346 2182 2402 putant
2214 2340 2345 2390 alte-

218 2448 328 2481 rum
362 2429 492 2479 Liuii
524 2428 715 2487 locum,
773 2431 828 2478 in
850 2428 976 2477 libro
1006 2427 1147 2476 XLV
1180 2445 1221 2476 c.
1251 2433 1346 2489 41,
1397 2432 1611 2493 quinon
1642 2431 1813 2479 melius
1845 2430 2021 2490 habet,
2079 2433 2171 2478 nisi
2215 2433 2344 2493 quod

316 2653 355 2697 ι)
400 2651 658 2694 coenatus,
690 2661 741 2686 ne
764 2650 864 2685 nihil
888 2648 1053 2692 diceret,
1090 2650 1188 2698 quod
1208 2653 1340 2686 statuit
1360 2661 1464 2687 esse:
1512 2652 1611 2702 quod
1632 2651 1772 2687 attinet
1798 2652 1853 2687 od
1876 2651 1919 2687 id
1940 2650 2065 2699 quod,
2106 2659 2143 2689 et
2168 2656 2340 2700 sequitur

395 2712 585 2748 Moserus.
633 2711 780 2747 Belum
803 2715 1051 2748 senteutiam:
1081 2717 1281 2746 extremum
1305 2719 1362 2747 est
1390 2714 1498 2758 illud,
1524 2716 1622 2761 quod
1644 2715 1784 2748 attinet
1809 2716 1863 2749 ad
1882 2716 1925 2749 id
1948 2716 2045 2762 quod
2067 2722 2165 2751 recte
2191 2717 2339 2750 uiuendi

396 2775 500 2808 ratio
524 2772 689 2808 meliores
706 2771 813 2820 facit
829 2774 846 2808 Ι

311 2844 353 2890 2)
399 2842 485 2878 Non
509 2845 591 2877 sino
614 2852 726 2876 causa
753 2844 793 2876 in
819 2853 866 2876 eo
890 2853 1046 2887 quoque
1080 2841 1302 2877 Gronouius
1327 2847 1366 2876 et
1390 2838 1592 2876 Conterius
1615 2842 1829 2884 haeserunt,
1844 2832 1980 2888 ⁴'quod
2005 2847 2194 2879 omittitur
2217 2845 2336 2879 tribu-

394 2904 519 2947 m'ciffi·
563 2914 688 2950 neque
712 2905 837 2946 enim,
874 2903 979 2950 quod
1010 2903 1146 2941 Liuius
1170 2902 1346 2940 Duilitnn
1371 2902 1569 2940 tribunum
1588 2903 1707 2939 fuisse
1731 2904 1902 2947 dixerat,
1939 2905 2027 2940 ideo
2051 2907 2148 2941 illud
2173 2914 2272 2941 recte
2297 2910 2336 2941 in

393 2965 519 3000 Duilii
549 2966 721 3001 oratione
745 2964 976 3000 audiendum
1001 2965 1246 3012 relinquitur,
1269 2974 1389 3011 quum
1412 2963 1511 3000 nihil
1538 2963 1585 3000 ab
1612 2974 1659 2999 eo
1684 2964 1731 3000 de
1754 2963 1950 3000 tribunatu
1973 2973 2098 3002 netum
2124 2976 2204 3003 esse
2228 2974 2337 3003 antea

398 3026 541 3062 dictum
565 3028 629 3063 sit.
