2608 3184
2194 64 2260 119 N

206 205 327 255 uno·
348 214 410 254 et·
428 207 583 254 altero
612 204 721 254 loco
751 203 1030 256 adnectitur
1054 215 1299 273 tanquam·
1317 212 1560 259 contraria
1578 210 1721 258 -noua
1745 206 2086 276 interrogatio,
2116 206 2328 274 priorem

211 301 457 359 corrigens
493 306 542 344 et
573 297 761 361 longius
802 301 1112 361 progrediens
1157 316 1440 361 responsum
1486 309 1620 348 certa
1665 303 1943 349 coniectura
1984 297 2329 363 proecipiendo',

211 403 410 450 prorsus
444 393 499 433 ut
533 404 679 450 quum
715 390 916 436 dicimus
983 389 1100 451 (Cic.
1134 390 1278 437 Tusc.
1312 391 1354 436 11
1390 388 1414 453 §
1447 391 1555 455 42):
1624 391 1757 438 unde
1791 389 1950 454 igitur
1983 389 2191 438 ordiar?
2257 408 2328 439 an

211 477 386 525 eadem
420 475 636 525 breuiter
667 473 956 542 attingam?
975 485 1072 527 aut
1100 480 1183 544 (id.
1217 481 1278 527 de
1312 470 1461 529 diuin.
1494 482 1535 529 11
1567 478 1594 546 §
1630 481 1741 545 31):
1781 480 1907 544 quid
1935 489 2035 539 est,
2068 483 2205 545 qnod
2223 483 2328 529 vde-

213 566 402 614 clarari
429 568 593 631 possit
625 568 798 617 habitu
833 576 1052 617 extorum
1087 577 1136 616 et
1169 568 1371 619 colore?
1420 588 1489 619 an
1524 570 1615 619 lzoc
1648 571 2003 620 eiusdemmodi
2035 580 2135 633 est,
2180 572 2327 635 quale

212 656 589 721 Pherecydeum
635 659 764 706 illud
807 658 923 720 &c.‚
972 676 1173 723 quaeque
1202 661 1293 709 alia
1328 668 1376 708 et
1409 663 1553 709 citaui
1595 668 1645 708 et
1679 662 1903 724 expediui
1933 664 1982 708 in
2017 662 2235 724 Epistola
2264 664 2329 711 ad

209 746 446 796 Orellium
480 765 522 812 p.
537 756 603 804 77
630 748 679 796 et
714 751 862 796 citare
890 749 1029 811 plura
1056 757 1271 812 poteram
1307 752 1432 815 (Cat.
1467 751 1582 798 Mai.
1617 748 1744 814 §15,
1780 752 1841 798 de
1876 751 2138 799 diuinat.11
2171 749 2326 815 5117,

209 836 403 884 Uerrin.
437 839 500 884 ΙΙΙ
536 845 560 898 Q
592 839 703 900 60);
768 854 880 885 nam
914 839 1137 886 Handuis
1181 842 1232 887 in
1265 841 1540 889 Turselli-no
1573 840 1664 889 vol.
1698 841 1742 886 11
1777 855 1822 902 p.
1857 846 1956 897 345
1990 848 2042 889 et
2074 847 2174 897 353
2221 842 2328 889 haec

209 928 397 983 diuellit
430 946 519 976 nec
554 943 750 991 prorsus
783 925 1197 977 recte'tractauit.-
1249 931 1414 995 Itaque
1443 934 1559 994 ipse,
1594 938 1648 978 ut
1680 932 1844 992 ceteri,
1876 938 1926 979 et
1959 931 2037 978 hic
2072 938 2122 979 et
2151 947 2197 994 p.
2223 938 2328 988 334

211 1022 549 1067 disiunctiuam
584 1022 1007 1083 interrogationem
1029 1037 1147 1067 esse
1182 1029 1322 1083 putat
1354 1025 1403 1069 in
1434 1023 1510 1069 his
1541 1023 1784 1069 Ciceronis
1828 1022 1993 1069 uerbis
2034 1024 2098 1070 de
2128 1030 2249 1069 orat.
2288 1023 2323 1081 Ι,

210 1117 292 1165 58,
327 1116 455 1169 249:
485 1112 619 1158 Num
653 1110 831 1173 igitur,
865 1110 909 1156 si
940 1111 1019 1156 cai
1043 1110 1249 1170 fundus
1282 1112 1618 1174 inspiciendus
1651 1119 1742 1157 aut
1774 1111 2127 1173 imperandam
2158 1112 2327 1160 uillico

206 1198 274 1245 sit
308 1199 419 1262 (scr.
454 1202 722 1246 necessario
758 1199 1018 1262 uillicost),
1078 1200 1315 1262 Magonis
1353 1200 1778 1263 Carthaginiensis
1821 1208 1940 1246 sunt
1987 1201 2103 1248 libri
2138 1202 2323 1263 perdi-

207 1288 402 1344 scendi,
469 1305 537 1336 an
571 1289 667 1336 hac
701 1289 951 1335 communi·
979 1288 1311 1352 intelligentia
1358 1290 1574 1336 contenti
1617 1306 1724 1336 esse
1763 1289 2072 1352 possumus?
2140 1290 2326 1338 Uerum

209 1379 379 1424 Cicero
413 1394 525 1438 non,
553 1386 780 1441 tanquam
812 1380 1012 1439 dubitet,
1040 1381 1327 1426 disiunctiue
1362 1382 1548 1442 quaerit,
1583 1382 1668 1427 sed
1703 1379 2008 1440 simpliciter,
2042 1382 2110 1428 ita
2141 1387 2195 1427 ut
2230 1396 2320 1427 ne-

206 1469 350 1528 gandi
393 1469 493 1514 uim
540 1470 852 1529 interrogatio
901 1469 1117 1514 obtineat
1160 1467 1254 1533 (—
1285 1467 1695 1532 perdiscendi?),
1754 1470 1928 1516 deinde
1976 1471 2082 1531 ipse
2124 1470 2326 1516 alteram

205 1559 630 1621 interrogationem
666 1560 716 1605 in
752 1559 952 1605 eandem
980 1560 1268 1606 sententiam
1305 1561 1451 1607 addit.
1519 1558 1694 1606 Similis
1729 1566 1805 1606 est
1836 1562 1962 1606 ratio
1999 1562 2050 1607 in
2072 1560 2169 1607 Cic.
2197 1558 2321 1606 libro

206 1648 248 1693 ΙΙ
282 1649 342 1694 de
375 1648 497 1711 legg.
533 1645 560 1712 §
597 1655 650 1703 5':
705 1647 964 1711 Numquid
1002 1649 1131 1696 duas
1171 1648 1360 1695 habetis
1387 1647 1624 1711 patrias?
1658 1648 1770 1712 (hoc
1802 1647 1992 1695 Atticus
2027 1651 2200 1712 quaerit
2231 1650 2326 1695 ad-

209 1740 414 1799 miran53
449 1744 554 1784 tum
589 1736 822 1799 subiicit:)
879 1753 948 1783 an
980 1745 1055 1783 est
1083 1754 1187 1784 una
1224 1739 1315 1784 illa
1344 1741 1522 1801 patria
1554 1737 1861 1783 communis?
1922 1739 2148 1786 Tertium
2180 1740 2322 1785 testi·

206 1829 422 1872 monium
469 1829 605 1873 addit
649 1827 1002 1873 Ramshornius
1057 1844 1105 1889 p.
1141 1834 1241 1882 717
1282 1821 1345 1874 ex
1376 1829 1622 1874 Ciceronis
1655 1827 1807 1873 Laelio
1841 1835 1899 1887 8,
1935 1835 2030 1887 25,
2090 1829 2176 1874 ubi
2209 1842 2324 1874 sane

206 1924 373 1976 aperta
411 1924 484 1962 est
516 1919 796 1975 disiuncti03
849 1933 1019 1962 uerum
1054 1919 1238 1963 dudum
1274 1934 1337 1964 ex
1366 1919 1560 1977 optimis
1595 1917 1865 1977 quibusque
1896 1919 2144 1963 codicibus
2176 1919 2323 1964 resti·-

205 2013 366 2054 tutum
399 2014 471 2053 est
504 2014 686 2054 utram.
790 2002 1033 2065 Quartum
1066 2009 1169 2069 ipse
1203 2008 1422 2054 adiiciam
1457 2013 1506 2052 et
1541 2005 1822 2052 subtraham
1857 2008 2002 2054 idem.
2106 1997 2231 2054 Nam
2269 2009 2323 2054 in

205 2099 424 2145 oratione
457 2097 701 2143 Ciceronis
735 2110 823 2156 pro
857 2096 1001 2143 Rosc.
1036 2098 1173 2144 Com.
1207 2105 1254 2156 9,
1290 2105 1354 2150 25
1388 2097 1571 2142 editur:
1620 2094 1765 2143 Nihil
1791 2094 1925 2143 hanc
1957 2096 2007 2142 in
2043 2084 2324 2143 societatem

197 2186 415 2247 fraudis
435 2185 626 2245 fecisse
659 2185 932 2232 ostendisti.
1002 2186 1143 2232 Fecit
1169 2186 1465 2248 pactionem.
1536 2186 1673 2232 Nam
1700 2184 1898 2231 tabulas
1917 2185 2068 2232 habet
2098 2202 2169 2231 an
2187 2184 2321 2232 non?

203 2277 387 2323 Uerum
424 2277 506 2338 qui
544 2277 764 2322 codicum
800 2278 1061 2337 scripturas
1103 2278 1367 2337 inspexerit
1433 2278 1679 2339 (standum
1722 2282 1796 2320 est
1842 2282 2004 2322 autem
2042 2274 2147 2323 fere
2181 2275 2326 2322 Oxo-

203 2368 440 2416 niensium
469 2368 772 2426 testimonio,
840 2369 1064 2429 quoniam
1095 2367 1175 2413 alii
1210 2366 1370 2412 collati
1406 2382 1504 2412 non
1541 2364 1687 2427 sunt,)
1758 2366 1819 2411 de
1861 2367 2034 2412 ceteris
2068 2365 2325 2425 dubitabit,

206 2459 267 2505 de
309 2472 367 2503 eo
411 2471 511 2502 non
556 2457 823 2512 dubitabit,
895 2444 1009 2519 quin
1043 2456 1215 2502 uerba:
1285 2455 1544 2502 ostendisti
1575 2455 1707 2516 fecit
1753 2454 2041 2517 pactionem
2098 2470 2219 2501 num
2264 2470 2326 2501 ex

204 2547 460 2597 temeraria
491 2547 864 2608 interpolatione
898 2548 1077 2594 ueteris
1109 2547 1311 2594 alicuius
1346 2548 1545 2594 editoris
1581 2555 1686 2594 orta
1719 2548 1830 2596 sint.
1877 2584 1882 2589 .
1908 2546 1952 2592 E
1978 2537 2199 2593 codicum
2229 2561 2321 2593 ue-

205 2635 617 2701 stigiisefficitur,
672 2652 761 2697 pro
797 2636 1057 2683 ostendisti
1090 2638 1324 2697 scriptum
1357 2637 1508 2683 fuisse
1540 2634 1775 2682 iudicasti
1809 2638 1914 2682 siue
1948 2638 2052 2698 quis
2086 2635 2318 2681 indicasti

202 2728 413 2787 mauolt,
460 2728 632 2773 deinde
667 2729 816 2773 uerba
850 2730 1070 2790 quaedam
1113 2729 1436 2782 intercidisse,
1486 2736 1589 2773 tum
1623 2734 1756 2772 recte
1789 2728 2028 2786 positum:
2104 2725 2321 2773 Tabulas

205 2820 354 2867 habet
386 2832 455 2863 an
482 2815 617 2862 non?
649 2816 762 2863 Non
795 2819 944 2878 igitur
977 2818 1151 2865 Latine
1184 2818 1453 2878 scripserit,
1488 2818 1569 2877 qui
1603 2832 1694 2877 pro
1730 2832 1818 2875 eo,
1851 2817 1982 2877 quod
2015 2817 2147 2876 apud
2181 2816 2323 2861 Cice-

203 2926 374 2957 ronem
409 2916 483 2955 est
515 2906 596 2971 (ad
629 2908 764 2958 Fam.
788 2906 845 2968 11,
875 2905 950 2971 5):
982 2923 1135 2954 unum
1167 2905 1299 2968 illud
1328 2904 1509 2962 nescio,
1536 2906 1835 2970 gratulerne
1867 2903 1957 2953 tibi
1984 2920 2054 2951 an
2088 2902 2321 2967 timeam?

2020 3025 2057 3058 3.
