<?xml version="1.0" encoding="UTF-8"?>
<!DOCTYPE html PUBLIC "-//W3C//DTD XHTML 1.0 Transitional//EN"
    "http://www.w3.org/TR/xhtml1/DTD/xhtml1-transitional.dtd">
<html xmlns="http://www.w3.org/1999/xhtml" xml:lang="en" lang="en">
 <head>
  <title>
</title>
<meta http-equiv="Content-Type" content="text/html;charset=utf-8" />
  <meta name='ocr-system' content='tesseract 3.04.00' />
  <meta name='ocr-capabilities' content='ocr_page ocr_carea ocr_par ocr_line ocrx_word'/>
</head>
<body>
  <div class='ocr_page' id='page_1' title='image "4625151_0012.png"; bbox 0 0 2608 3184; ppageno 0'>
   <div class='ocr_carea' id='block_1_1' title="bbox 235 31 267 80">
    <p class='ocr_par' dir='ltr' id='par_1_1' title="bbox 235 31 267 80">
     <span class='ocr_line' id='line_1_1' title="bbox 235 31 267 80; baseline 0 0"><span class='ocrx_word' id='word_1_1' title='bbox 235 31 267 80; x_wconf 85' lang='grc'>6</span> 
     </span>
    </p>
   </div>
   <div class='ocr_carea' id='block_1_2' title="bbox 103 170 2318 2822">
    <p class='ocr_par' dir='ltr' id='par_1_2' title="bbox 103 170 2318 2822">
     <span class='ocr_line' id='line_1_2' title="bbox 171 170 2296 237; baseline 0 -16"><span class='ocrx_word' id='word_1_2' title='bbox 171 175 298 234; x_wconf 86' lang='lat' dir='ltr'><strong>apud</strong></span> <span class='ocrx_word' id='word_1_3' title='bbox 333 174 557 220; x_wconf 87' lang='lat' dir='ltr'><strong>Tacitum</strong></span> <span class='ocrx_word' id='word_1_4' title='bbox 594 174 643 220; x_wconf 90' lang='lat' dir='ltr'><strong>in</strong></span> <span class='ocrx_word' id='word_1_5' title='bbox 675 171 802 221; x_wconf 80' lang='lat' dir='ltr'><strong>Hist.</strong></span> <span class='ocrx_word' id='word_1_6' title='bbox 834 173 872 233; x_wconf 92' lang='lat'><strong>1,</strong></span> <span class='ocrx_word' id='word_1_7' title='bbox 892 180 982 229; x_wconf 84' lang='lat'><strong>50:</strong></span> <span class='ocrx_word' id='word_1_8' title='bbox 1017 173 1167 221; x_wconf 80' lang='lat' dir='ltr'><strong>Nunc</strong></span> <span class='ocrx_word' id='word_1_9' title='bbox 1197 186 1293 235; x_wconf 79' lang='lat' dir='ltr'><strong>pro</strong></span> <span class='ocrx_word' id='word_1_10' title='bbox 1334 170 1525 221; x_wconf 79' lang='lat' dir='ltr'><strong><em>Othone</em></strong></span> <span class='ocrx_word' id='word_1_11' title='bbox 1550 187 1620 219; x_wconf 83' lang='lat' dir='ltr'><strong>an</strong></span> <span class='ocrx_word' id='word_1_12' title='bbox 1648 187 1748 235; x_wconf 83' lang='lat' dir='ltr'><strong>pro</strong></span> <span class='ocrx_word' id='word_1_13' title='bbox 1795 171 1992 221; x_wconf 75' lang='lat' dir='ltr'><strong>Uitellio</strong></span> <span class='ocrx_word' id='word_1_14' title='bbox 2024 172 2077 221; x_wconf 86' lang='lat' dir='ltr'><strong>in</strong></span> <span class='ocrx_word' id='word_1_15' title='bbox 2104 173 2296 237; x_wconf 78' lang='lat' dir='ltr'><strong>templa</strong></span> 
     </span>
     <span class='ocr_line' id='line_1_3' title="bbox 173 262 2298 327; baseline 0.001 -19"><span class='ocrx_word' id='word_1_16' title='bbox 173 262 367 309; x_wconf 77' lang='lat' dir='ltr'><strong>ituros?</strong></span> <span class='ocrx_word' id='word_1_17' title='bbox 436 263 673 310; x_wconf 81' lang='lat' dir='ltr'>Homines</span> <span class='ocrx_word' id='word_1_18' title='bbox 708 266 868 311; x_wconf 82' lang='lat' dir='ltr'><strong>miseri</strong></span> <span class='ocrx_word' id='word_1_19' title='bbox 906 266 956 311; x_wconf 89' lang='lat' dir='ltr'><strong>in</strong></span> <span class='ocrx_word' id='word_1_20' title='bbox 1003 264 1307 310; x_wconf 75' lang='lat' dir='ltr'><strong>dubitatione</strong></span> <span class='ocrx_word' id='word_1_21' title='bbox 1353 262 1677 324; x_wconf 81' lang='lat' dir='ltr'><strong>inexplicabili</strong></span> <span class='ocrx_word' id='word_1_22' title='bbox 1723 265 1976 312; x_wconf 82' lang='lat' dir='ltr'><strong>consilium</strong></span> <span class='ocrx_word' id='word_1_23' title='bbox 2028 267 2298 327; x_wconf 84' lang='lat' dir='ltr'><strong>exquirunt.</strong></span> 
     </span>
     <span class='ocr_line' id='line_1_4' title="bbox 171 353 2296 423; baseline 0.002 -25"><span class='ocrx_word' id='word_1_24' title='bbox 171 354 302 398; x_wconf 83' lang='lat' dir='ltr'><strong>Tum</strong></span> <span class='ocrx_word' id='word_1_25' title='bbox 339 355 387 398; x_wconf 89' lang='lat' dir='ltr'><strong>in</strong></span> <span class='ocrx_word' id='word_1_26' title='bbox 424 369 601 413; x_wconf 84' lang='lat' dir='ltr'><strong>genere</strong></span> <span class='ocrx_word' id='word_1_27' title='bbox 634 355 1023 415; x_wconf 78' lang='lat' dir='ltr'><strong>interrogationis</strong></span> <span class='ocrx_word' id='word_1_28' title='bbox 1058 353 1417 414; x_wconf 82' lang='lat' dir='ltr'><strong>perfrequenti,</strong></span> <span class='ocrx_word' id='word_1_29' title='bbox 1474 369 1570 423; x_wconf 32' lang='lat' dir='ltr'><strong>‘pro</strong></span> <span class='ocrx_word' id='word_1_30' title='bbox 1601 368 1686 407; x_wconf 87' lang='lat' dir='ltr'><strong>eo,</strong></span> <span class='ocrx_word' id='word_1_31' title='bbox 1751 356 1878 414; x_wconf 89' lang='lat' dir='ltr'><strong>quod</strong></span> <span class='ocrx_word' id='word_1_32' title='bbox 1914 363 2045 402; x_wconf 81' lang='lat' dir='ltr'><strong>recta</strong></span> <span class='ocrx_word' id='word_1_33' title='bbox 2080 357 2296 402; x_wconf 82' lang='lat' dir='ltr'><strong>oratione</strong></span> 
     </span>
     <span class='ocr_line' id='line_1_5' title="bbox 169 440 2299 509; baseline 0.002 -22"><span class='ocrx_word' id='word_1_34' title='bbox 169 450 265 487; x_wconf 83' lang='lat' dir='ltr'><strong>est:</strong></span> <span class='ocrx_word' id='word_1_35' title='bbox 301 442 425 503; x_wconf 80' lang='lat' dir='ltr'><strong>quid</strong></span> <span class='ocrx_word' id='word_1_36' title='bbox 448 441 659 502; x_wconf 78' lang='lat' dir='ltr'><strong>fecisti?</strong></span> <span class='ocrx_word' id='word_1_37' title='bbox 693 460 839 505; x_wconf 89' lang='lat' dir='ltr'><strong>quum</strong></span> <span class='ocrx_word' id='word_1_38' title='bbox 872 451 1100 505; x_wconf 82' lang='lat' dir='ltr'><strong>negatur,</strong></span> <span class='ocrx_word' id='word_1_39' title='bbox 1133 444 1391 506; x_wconf 84' lang='lat' dir='ltr'><strong>quidquam</strong></span> <span class='ocrx_word' id='word_1_40' title='bbox 1428 443 1631 509; x_wconf 30' lang='lat' dir='ltr'><strong>alte-rum</strong></span> <span class='ocrx_word' id='word_1_41' title='bbox 1665 440 1860 501; x_wconf 67' lang='lat' dir='ltr'><strong>fecisse,</strong></span> <span class='ocrx_word' id='word_1_42' title='bbox 1892 461 2138 507; x_wconf 84' lang='lat' dir='ltr'><strong>nunquam</strong></span> <span class='ocrx_word' id='word_1_43' title='bbox 2175 447 2299 493; x_wconf 89' lang='lat' dir='ltr'><strong>dici-</strong></span> 
     </span>
     <span class='ocr_line' id='line_1_6' title="bbox 168 531 2298 596; baseline 0.002 -17"><span class='ocrx_word' id='word_1_44' title='bbox 168 541 275 589; x_wconf 87' lang='lat' dir='ltr'><strong>tur,</strong></span> <span class='ocrx_word' id='word_1_45' title='bbox 310 535 439 594; x_wconf 90' lang='lat' dir='ltr'><strong>quod</strong></span> <span class='ocrx_word' id='word_1_46' title='bbox 474 540 715 593; x_wconf 74' lang='lat' dir='ltr'><strong>praecepta</strong></span> <span class='ocrx_word' id='word_1_47' title='bbox 750 532 832 580; x_wconf 91' lang='lat' dir='ltr'><strong>illa</strong></span> <span class='ocrx_word' id='word_1_48' title='bbox 865 533 1135 594; x_wconf 84' lang='lat' dir='ltr'><strong>postulant:</strong></span> <span class='ocrx_word' id='word_1_49' title='bbox 1173 533 1296 596; x_wconf 83' lang='lat' dir='ltr'><strong>quid</strong></span> <span class='ocrx_word' id='word_1_50' title='bbox 1317 531 1545 592; x_wconf 75' lang='lat' dir='ltr'><strong>fecisse?</strong></span> <span class='ocrx_word' id='word_1_51' title='bbox 1574 533 1684 591; x_wconf 80' lang='lat' dir='ltr'><strong>sed,</strong></span> <span class='ocrx_word' id='word_1_52' title='bbox 1719 538 1773 579; x_wconf 91' lang='lat' dir='ltr'><strong>ut</strong></span> <span class='ocrx_word' id='word_1_53' title='bbox 1807 532 1951 593; x_wconf 88' lang='lat' dir='ltr'><strong>paulo</strong></span> <span class='ocrx_word' id='word_1_54' title='bbox 1987 542 2096 594; x_wconf 89' lang='lat' dir='ltr'><strong>post</strong></span> <span class='ocrx_word' id='word_1_55' title='bbox 2130 544 2298 584; x_wconf 85' lang='lat' dir='ltr'><strong>osten-</strong></span> 
     </span>
     <span class='ocr_line' id='line_1_7' title="bbox 168 621 2297 686; baseline 0.002 -17"><span class='ocrx_word' id='word_1_56' title='bbox 168 624 307 681; x_wconf 88' lang='lat' dir='ltr'><strong>dam,</strong></span> <span class='ocrx_word' id='word_1_57' title='bbox 353 623 765 670; x_wconf 83' lang='lat' dir='ltr'><strong>constantissime:</strong></span> <span class='ocrx_word' id='word_1_58' title='bbox 814 621 953 681; x_wconf 81' lang='lat' dir='ltr'><strong>Quid</strong></span> <span class='ocrx_word' id='word_1_59' title='bbox 985 622 1232 685; x_wconf 72' lang='lat' dir='ltr'><strong>fecisset?</strong></span> <span class='ocrx_word' id='word_1_60' title='bbox 1279 623 1530 670; x_wconf 83' lang='lat' dir='ltr'><strong>Postremo</strong></span> <span class='ocrx_word' id='word_1_61' title='bbox 1564 622 1845 684; x_wconf 84' lang='lat' dir='ltr'><strong>Kruegerus</strong></span> <span class='ocrx_word' id='word_1_62' title='bbox 1887 622 2006 670; x_wconf 88' lang='lat' dir='ltr'><strong>nihil</strong></span> <span class='ocrx_word' id='word_1_63' title='bbox 2041 628 2297 686; x_wconf 86' lang='lat' dir='ltr'><strong>separatim</strong></span> 
     </span>
     <span class='ocr_line' id='line_1_8' title="bbox 169 713 2295 776; baseline 0.002 -17"><span class='ocrx_word' id='word_1_64' title='bbox 169 715 292 760; x_wconf 79' lang='lat' dir='ltr'><strong>dixit</strong></span> <span class='ocrx_word' id='word_1_65' title='bbox 337 714 398 758; x_wconf 90' lang='lat' dir='ltr'><strong>de</strong></span> <span class='ocrx_word' id='word_1_66' title='bbox 445 715 500 759; x_wconf 87' lang='lat' dir='ltr'><strong>iis</strong></span> <span class='ocrx_word' id='word_1_67' title='bbox 539 715 996 775; x_wconf 85' lang='lat' dir='ltr'><strong>interrogationibus</strong></span> <span class='ocrx_word' id='word_1_68' title='bbox 1007 747 1024 770; x_wconf 90' lang='lat'><strong>,</strong></span> <span class='ocrx_word' id='word_1_69' title='bbox 1097 730 1204 776; x_wconf 83' lang='lat' dir='ltr'><strong>quae</strong></span> <span class='ocrx_word' id='word_1_70' title='bbox 1250 713 1383 761; x_wconf 87' lang='lat' dir='ltr'><strong>finita</strong></span> <span class='ocrx_word' id='word_1_71' title='bbox 1431 715 1648 760; x_wconf 87' lang='lat' dir='ltr'><strong>oratione</strong></span> <span class='ocrx_word' id='word_1_72' title='bbox 1695 715 2053 761; x_wconf 86' lang='lat' dir='ltr'><strong>coniunctiuum</strong></span> <span class='ocrx_word' id='word_1_73' title='bbox 2097 715 2295 774; x_wconf 86' lang='lat' dir='ltr'><strong>habent,</strong></span> 
     </span>
     <span class='ocr_line' id='line_1_9' title="bbox 170 801 2299 866; baseline 0.001 -17"><span class='ocrx_word' id='word_1_74' title='bbox 170 805 305 865; x_wconf 88' lang='lat' dir='ltr'><strong>quasi</strong></span> <span class='ocrx_word' id='word_1_75' title='bbox 356 803 463 849; x_wconf 83' lang='lat' dir='ltr'><strong>haec</strong></span> <span class='ocrx_word' id='word_1_76' title='bbox 498 819 689 865; x_wconf 90' lang='lat' dir='ltr'><strong>quoque</strong></span> <span class='ocrx_word' id='word_1_77' title='bbox 723 802 906 851; x_wconf 84' lang='lat' dir='ltr'><strong>forma:</strong></span> <span class='ocrx_word' id='word_1_78' title='bbox 978 803 1114 861; x_wconf 83' lang='lat' dir='ltr'><strong>Quid</strong></span> <span class='ocrx_word' id='word_1_79' title='bbox 1134 801 1401 864; x_wconf 81' lang='lat' dir='ltr'><strong>facerem?</strong></span> <span class='ocrx_word' id='word_1_80' title='bbox 1463 804 1515 849; x_wconf 91' lang='lat' dir='ltr'><strong>in</strong></span> <span class='ocrx_word' id='word_1_81' title='bbox 1548 803 1838 850; x_wconf 83' lang='lat' dir='ltr'><strong>infinitiuum</strong></span> <span class='ocrx_word' id='word_1_82' title='bbox 1875 806 2088 851; x_wconf 86' lang='lat' dir='ltr'><strong>conuerti</strong></span> <span class='ocrx_word' id='word_1_83' title='bbox 2123 808 2299 866; x_wconf 85' lang='lat' dir='ltr'><strong>possit3</strong></span> 
     </span>
     <span class='ocr_line' id='line_1_10' title="bbox 103 891 2297 956; baseline 0.002 -16"><span class='ocrx_word' id='word_1_84' title='bbox 103 947 107 952; x_wconf 35' lang='lat'>¹</span> <span class='ocrx_word' id='word_1_85' title='bbox 168 911 282 940; x_wconf 84' lang='lat' dir='ltr'><strong>nam</strong></span> <span class='ocrx_word' id='word_1_86' title='bbox 320 910 376 939; x_wconf 91' lang='lat' dir='ltr'><strong>ea</strong></span> <span class='ocrx_word' id='word_1_87' title='bbox 411 909 600 955; x_wconf 89' lang='lat' dir='ltr'><strong>quoque</strong></span> <span class='ocrx_word' id='word_1_88' title='bbox 634 895 938 956; x_wconf 87' lang='lat' dir='ltr'><strong>negationem</strong></span> <span class='ocrx_word' id='word_1_89' title='bbox 975 894 1182 956; x_wconf 85' lang='lat' dir='ltr'><strong>aliquam</strong></span> <span class='ocrx_word' id='word_1_90' title='bbox 1215 894 1443 940; x_wconf 84' lang='lat' dir='ltr'><strong>continet.</strong></span> <span class='ocrx_word' id='word_1_91' title='bbox 1525 891 1646 952; x_wconf 88' lang='lat' dir='ltr'>Sed,</span> <span class='ocrx_word' id='word_1_92' title='bbox 1681 894 1810 955; x_wconf 90' lang='lat' dir='ltr'><strong>quod</strong></span> <span class='ocrx_word' id='word_1_93' title='bbox 1841 901 1985 955; x_wconf 87' lang='lat' dir='ltr'><strong>caput</strong></span> <span class='ocrx_word' id='word_1_94' title='bbox 2017 902 2111 954; x_wconf 86' lang='lat' dir='ltr'><strong>est,</strong></span> <span class='ocrx_word' id='word_1_95' title='bbox 2142 903 2297 944; x_wconf 87' lang='lat' dir='ltr'><strong>totum</strong></span> 
     </span>
     <span class='ocr_line' id='line_1_11' title="bbox 169 980 2299 1046; baseline 0.002 -16"><span class='ocrx_word' id='word_1_96' title='bbox 169 983 290 1031; x_wconf 90' lang='lat' dir='ltr'><strong>illud</strong></span> <span class='ocrx_word' id='word_1_97' title='bbox 326 984 585 1030; x_wconf 88' lang='lat' dir='ltr'><strong>discrimen</strong></span> <span class='ocrx_word' id='word_1_98' title='bbox 617 984 984 1040; x_wconf 87' lang='lat' dir='ltr'><strong>sententiarum,</strong></span> <span class='ocrx_word' id='word_1_99' title='bbox 1018 999 1113 1046; x_wconf 91' lang='lat' dir='ltr'><strong>quo</strong></span> <span class='ocrx_word' id='word_1_100' title='bbox 1149 983 1302 1030; x_wconf 86' lang='lat' dir='ltr'><strong>utitur</strong></span> <span class='ocrx_word' id='word_1_101' title='bbox 1328 980 1626 1045; x_wconf 77' lang='lat' dir='ltr'><strong>Kruegerus,</strong></span> <span class='ocrx_word' id='word_1_102' title='bbox 1665 982 1851 1029; x_wconf 91' lang='lat' dir='ltr'><strong>nullum</strong></span> <span class='ocrx_word' id='word_1_103' title='bbox 1879 991 1966 1031; x_wconf 87' lang='lat' dir='ltr'><strong>est.</strong></span> <span class='ocrx_word' id='word_1_104' title='bbox 2037 985 2161 1033; x_wconf 89' lang='lat' dir='ltr'><strong>Nam</strong></span> <span class='ocrx_word' id='word_1_105' title='bbox 2186 986 2299 1035; x_wconf 86' lang='lat' dir='ltr'><strong>fini-</strong></span> 
     </span>
     <span class='ocr_line' id='line_1_12' title="bbox 169 1072 2300 1135; baseline 0.001 -14"><span class='ocrx_word' id='word_1_106' title='bbox 169 1084 269 1121; x_wconf 86' lang='lat' dir='ltr'><strong>tam</strong></span> <span class='ocrx_word' id='word_1_107' title='bbox 305 1074 534 1119; x_wconf 86' lang='lat' dir='ltr'><strong>orationis</strong></span> <span class='ocrx_word' id='word_1_108' title='bbox 570 1072 777 1119; x_wconf 87' lang='lat' dir='ltr'><strong>formam</strong></span> <span class='ocrx_word' id='word_1_109' title='bbox 810 1081 861 1119; x_wconf 91' lang='lat' dir='ltr'><strong>et</strong></span> <span class='ocrx_word' id='word_1_110' title='bbox 894 1075 1254 1120; x_wconf 89' lang='lat' dir='ltr'><strong>coniunctiuum</strong></span> <span class='ocrx_word' id='word_1_111' title='bbox 1289 1072 1486 1118; x_wconf 88' lang='lat' dir='ltr'><strong>modum</strong></span> <span class='ocrx_word' id='word_1_112' title='bbox 1530 1073 1730 1118; x_wconf 83' lang='lat' dir='ltr'><strong>retineri</strong></span> <span class='ocrx_word' id='word_1_113' title='bbox 1768 1081 1909 1135; x_wconf 88' lang='lat' dir='ltr'><strong>putat</strong></span> <span class='ocrx_word' id='word_1_114' title='bbox 1951 1076 2002 1121; x_wconf 90' lang='lat' dir='ltr'><strong>in</strong></span> <span class='ocrx_word' id='word_1_115' title='bbox 2041 1078 2099 1122; x_wconf 86' lang='lat' dir='ltr'><strong>iis</strong></span> <span class='ocrx_word' id='word_1_116' title='bbox 2142 1079 2300 1124; x_wconf 83' lang='lat' dir='ltr'><strong>inter·</strong></span> 
     </span>
     <span class='ocr_line' id='line_1_13' title="bbox 169 1163 2301 1230; baseline 0.001 -18"><span class='ocrx_word' id='word_1_117' title='bbox 169 1163 525 1228; x_wconf 80' lang='lat' dir='ltr'><strong>rogationibus,</strong></span> <span class='ocrx_word' id='word_1_118' title='bbox 568 1164 619 1209; x_wconf 90' lang='lat' dir='ltr'><strong>in</strong></span> <span class='ocrx_word' id='word_1_119' title='bbox 656 1164 852 1224; x_wconf 75' lang='lat' dir='ltr'><strong>quibuS,</strong></span> <span class='ocrx_word' id='word_1_120' title='bbox 902 1166 983 1226; x_wconf 91' lang='lat' dir='ltr'><strong>qui</strong></span> <span class='ocrx_word' id='word_1_121' title='bbox 1011 1166 1297 1225; x_wconf 83' lang='lat' dir='ltr'><strong>interroget,</strong></span> <span class='ocrx_word' id='word_1_122' title='bbox 1344 1178 1459 1208; x_wconf 91' lang='lat' dir='ltr'><strong>uere</strong></span> <span class='ocrx_word' id='word_1_123' title='bbox 1492 1177 1778 1224; x_wconf 88' lang='lat' dir='ltr'><strong>responsum</strong></span> <span class='ocrx_word' id='word_1_124' title='bbox 1807 1166 2045 1227; x_wconf 83' lang='lat' dir='ltr'><strong>requirat3</strong></span> <span class='ocrx_word' id='word_1_125' title='bbox 2115 1183 2301 1230; x_wconf 90' lang='lat' dir='ltr'><strong>uerum,</strong></span> 
     </span>
     <span class='ocr_line' id='line_1_14' title="bbox 172 1252 2297 1318; baseline 0.002 -16"><span class='ocrx_word' id='word_1_126' title='bbox 172 1273 320 1318; x_wconf 89' lang='lat' dir='ltr'><strong>quum</strong></span> <span class='ocrx_word' id='word_1_127' title='bbox 359 1255 601 1301; x_wconf 79' lang='lat' dir='ltr'><strong>continuae</strong></span> <span class='ocrx_word' id='word_1_128' title='bbox 637 1262 688 1301; x_wconf 91' lang='lat' dir='ltr'><strong>et</strong></span> <span class='ocrx_word' id='word_1_129' title='bbox 721 1261 970 1316; x_wconf 76' lang='lat' dir='ltr'><strong>perpetuae</strong></span> <span class='ocrx_word' id='word_1_130' title='bbox 1005 1253 1126 1300; x_wconf 85' lang='lat' dir='ltr'><strong>alius</strong></span> <span class='ocrx_word' id='word_1_131' title='bbox 1169 1252 1378 1300; x_wconf 89' lang='lat' dir='ltr'><strong>hominis</strong></span> <span class='ocrx_word' id='word_1_132' title='bbox 1412 1253 1641 1299; x_wconf 86' lang='lat' dir='ltr'><strong>orationis</strong></span> <span class='ocrx_word' id='word_1_133' title='bbox 1687 1261 2024 1315; x_wconf 84' lang='lat' dir='ltr'><strong>argumentum</strong></span> <span class='ocrx_word' id='word_1_134' title='bbox 2070 1265 2120 1304; x_wconf 91' lang='lat' dir='ltr'><strong>et</strong></span> <span class='ocrx_word' id='word_1_135' title='bbox 2150 1260 2297 1306; x_wconf 85' lang='lat' dir='ltr'><strong>series</strong></span> 
     </span>
     <span class='ocr_line' id='line_1_15' title="bbox 172 1342 2304 1407; baseline 0.001 -15"><span class='ocrx_word' id='word_1_136' title='bbox 172 1345 402 1403; x_wconf 85' lang='lat' dir='ltr'><strong>refertur,</strong></span> <span class='ocrx_word' id='word_1_137' title='bbox 436 1346 565 1407; x_wconf 91' lang='lat' dir='ltr'><strong>quod</strong></span> <span class='ocrx_word' id='word_1_138' title='bbox 599 1345 850 1406; x_wconf 89' lang='lat' dir='ltr'><strong>proprium</strong></span> <span class='ocrx_word' id='word_1_139' title='bbox 887 1352 961 1390; x_wconf 89' lang='lat' dir='ltr'><strong>est</strong></span> <span class='ocrx_word' id='word_1_140' title='bbox 995 1345 1225 1390; x_wconf 87' lang='lat' dir='ltr'><strong>orationis</strong></span> <span class='ocrx_word' id='word_1_141' title='bbox 1261 1342 1485 1405; x_wconf 74' lang='lat' dir='ltr'><strong>obliquae,</strong></span> <span class='ocrx_word' id='word_1_142' title='bbox 1525 1342 1672 1390; x_wconf 86' lang='lat' dir='ltr'><strong>nullae</strong></span> <span class='ocrx_word' id='word_1_143' title='bbox 1707 1346 1904 1391; x_wconf 87' lang='lat' dir='ltr'><strong>omnino</strong></span> <span class='ocrx_word' id='word_1_144' title='bbox 1931 1353 2045 1392; x_wconf 87' lang='lat' dir='ltr'><strong>sunt</strong></span> <span class='ocrx_word' id='word_1_145' title='bbox 2072 1345 2188 1393; x_wconf 77' lang='lat' dir='ltr'><strong>tales</strong></span> <span class='ocrx_word' id='word_1_146' title='bbox 2222 1349 2304 1396; x_wconf 90' lang='lat' dir='ltr'><strong>in-</strong></span> 
     </span>
     <span class='ocr_line' id='line_1_16' title="bbox 171 1434 2299 1498; baseline 0.003 -17"><span class='ocrx_word' id='word_1_147' title='bbox 171 1436 543 1498; x_wconf 87' lang='lat' dir='ltr'><strong>terrogationes,</strong></span> <span class='ocrx_word' id='word_1_148' title='bbox 576 1451 694 1497; x_wconf 83' lang='lat' dir='ltr'><strong>quas</strong></span> <span class='ocrx_word' id='word_1_149' title='bbox 718 1436 773 1493; x_wconf 85' lang='lat' dir='ltr'><strong>is,</strong></span> <span class='ocrx_word' id='word_1_150' title='bbox 805 1435 942 1481; x_wconf 90' lang='lat' dir='ltr'><strong>cuius</strong></span> <span class='ocrx_word' id='word_1_151' title='bbox 966 1434 1178 1482; x_wconf 83' lang='lat' dir='ltr'><strong>refertur</strong></span> <span class='ocrx_word' id='word_1_152' title='bbox 1200 1435 1369 1493; x_wconf 85' lang='lat' dir='ltr'><strong>oratio,</strong></span> <span class='ocrx_word' id='word_1_153' title='bbox 1404 1435 1471 1480; x_wconf 88' lang='lat' dir='ltr'><strong>sic</strong></span> <span class='ocrx_word' id='word_1_154' title='bbox 1502 1435 1825 1495; x_wconf 82' lang='lat' dir='ltr'><strong>proposuerit,</strong></span> <span class='ocrx_word' id='word_1_155' title='bbox 1861 1442 1927 1494; x_wconf 91' lang='lat' dir='ltr'><strong>ut,</strong></span> <span class='ocrx_word' id='word_1_156' title='bbox 1961 1434 2089 1482; x_wconf 84' lang='lat' dir='ltr'><strong>facta</strong></span> <span class='ocrx_word' id='word_1_157' title='bbox 2107 1439 2299 1488; x_wconf 87' lang='lat' dir='ltr'><strong>dicendi</strong></span> 
     </span>
     <span class='ocr_line' id='line_1_17' title="bbox 170 1524 2302 1598; baseline 0.002 -26"><span class='ocrx_word' id='word_1_158' title='bbox 170 1527 527 1572; x_wconf 82' lang='lat' dir='ltr'><strong>intermissione</strong></span> <span class='ocrx_word' id='word_1_159' title='bbox 561 1540 848 1585; x_wconf 88' lang='lat' dir='ltr'><strong>responsum</strong></span> <span class='ocrx_word' id='word_1_160' title='bbox 896 1532 1222 1585; x_wconf 84' lang='lat' dir='ltr'><strong>exspectaret3</strong></span> <span class='ocrx_word' id='word_1_161' title='bbox 1291 1540 1457 1571; x_wconf 90' lang='lat' dir='ltr'><strong>omnes</strong></span> <span class='ocrx_word' id='word_1_162' title='bbox 1494 1540 1556 1570; x_wconf 83' lang='lat' dir='ltr'><strong>ex</strong></span> <span class='ocrx_word' id='word_1_163' title='bbox 1588 1524 1831 1570; x_wconf 88' lang='lat' dir='ltr'><strong>rhetorico</strong></span> <span class='ocrx_word' id='word_1_164' title='bbox 1865 1524 1948 1571; x_wconf 91' lang='lat' dir='ltr'><strong>illo</strong></span> <span class='ocrx_word' id='word_1_165' title='bbox 1965 1542 2143 1587; x_wconf 87' lang='lat' dir='ltr'><strong>genere</strong></span> <span class='ocrx_word' id='word_1_166' title='bbox 2175 1538 2302 1598; x_wconf 71' lang='lat' dir='ltr'><strong>sunt,</strong></span> 
     </span>
     <span class='ocr_line' id='line_1_18' title="bbox 166 1612 2300 1680; baseline 0.002 -18"><span class='ocrx_word' id='word_1_167' title='bbox 166 1632 257 1678; x_wconf 89' lang='lat' dir='ltr'><strong>per</strong></span> <span class='ocrx_word' id='word_1_168' title='bbox 294 1631 410 1678; x_wconf 89' lang='lat' dir='ltr'><strong>quas</strong></span> <span class='ocrx_word' id='word_1_169' title='bbox 447 1616 708 1678; x_wconf 86' lang='lat' dir='ltr'><strong>quaerendo</strong></span> <span class='ocrx_word' id='word_1_170' title='bbox 735 1614 1047 1675; x_wconf 85' lang='lat' dir='ltr'><strong>affirmamus,</strong></span> <span class='ocrx_word' id='word_1_171' title='bbox 1117 1631 1370 1678; x_wconf 84' lang='lat' dir='ltr'><strong>negamus,</strong></span> <span class='ocrx_word' id='word_1_172' title='bbox 1437 1612 1705 1662; x_wconf 87' lang='lat' dir='ltr'><strong>refutamus</strong></span> <span class='ocrx_word' id='word_1_173' title='bbox 1740 1614 2065 1675; x_wconf 86' lang='lat' dir='ltr'><strong>aduersarios,</strong></span> <span class='ocrx_word' id='word_1_174' title='bbox 2127 1634 2300 1680; x_wconf 86' lang='lat' dir='ltr'><strong>repre-</strong></span> 
     </span>
     <span class='ocr_line' id='line_1_19' title="bbox 171 1705 2301 1772; baseline 0.003 -21"><span class='ocrx_word' id='word_1_175' title='bbox 171 1706 429 1752; x_wconf 87' lang='lat' dir='ltr'><strong>hendimus</strong></span> <span class='ocrx_word' id='word_1_176' title='bbox 464 1706 684 1751; x_wconf 89' lang='lat' dir='ltr'><strong>homines</strong></span> <span class='ocrx_word' id='word_1_177' title='bbox 716 1712 801 1751; x_wconf 89' lang='lat' dir='ltr'><strong>aut</strong></span> <span class='ocrx_word' id='word_1_178' title='bbox 830 1705 1100 1762; x_wconf 85' lang='lat' dir='ltr'><strong>laudamus,</strong></span> <span class='ocrx_word' id='word_1_179' title='bbox 1133 1707 1489 1767; x_wconf 85' lang='lat' dir='ltr'><strong>conquerimur,</strong></span> <span class='ocrx_word' id='word_1_180' title='bbox 1523 1720 1726 1766; x_wconf 84' lang='lat' dir='ltr'><strong>quaeque</strong></span> <span class='ocrx_word' id='word_1_181' title='bbox 1759 1712 1872 1751; x_wconf 85' lang='lat' dir='ltr'><strong>sunt</strong></span> <span class='ocrx_word' id='word_1_182' title='bbox 1899 1707 2086 1753; x_wconf 85' lang='lat' dir='ltr'><strong>similia.</strong></span> <span class='ocrx_word' id='word_1_183' title='bbox 2135 1708 2301 1772; x_wconf 84' lang='lat' dir='ltr'><strong>Itaque</strong></span> 
     </span>
     <span class='ocr_line' id='line_1_20' title="bbox 171 1793 2301 1855; baseline 0.002 -14"><span class='ocrx_word' id='word_1_184' title='bbox 171 1796 288 1842; x_wconf 89' lang='lat' dir='ltr'><strong>hinc</strong></span> <span class='ocrx_word' id='word_1_185' title='bbox 322 1794 457 1841; x_wconf 89' lang='lat' dir='ltr'><strong>nulla</strong></span> <span class='ocrx_word' id='word_1_186' title='bbox 491 1793 656 1855; x_wconf 89' lang='lat' dir='ltr'><strong>regula</strong></span> <span class='ocrx_word' id='word_1_187' title='bbox 692 1795 754 1840; x_wconf 91' lang='lat' dir='ltr'><strong>ad</strong></span> <span class='ocrx_word' id='word_1_188' title='bbox 787 1810 963 1855; x_wconf 87' lang='lat' dir='ltr'><strong>genera</strong></span> <span class='ocrx_word' id='word_1_189' title='bbox 982 1796 1299 1840; x_wconf 87' lang='lat' dir='ltr'><strong>discernenda</strong></span> <span class='ocrx_word' id='word_1_190' title='bbox 1331 1796 1455 1840; x_wconf 87' lang='lat' dir='ltr'><strong>sumi</strong></span> <span class='ocrx_word' id='word_1_191' title='bbox 1490 1800 1671 1854; x_wconf 86' lang='lat' dir='ltr'><strong>potest3</strong></span> <span class='ocrx_word' id='word_1_192' title='bbox 1714 1810 1805 1840; x_wconf 86' lang='lat' dir='ltr'><strong>nec</strong></span> <span class='ocrx_word' id='word_1_193' title='bbox 1837 1795 1887 1841; x_wconf 88' lang='lat' dir='ltr'><strong>id</strong></span> <span class='ocrx_word' id='word_1_194' title='bbox 1921 1795 2179 1843; x_wconf 89' lang='lat' dir='ltr'><strong>obscurum</strong></span> <span class='ocrx_word' id='word_1_195' title='bbox 2209 1801 2301 1847; x_wconf 85' lang='lat' dir='ltr'><strong>erit</strong></span> 
     </span>
     <span class='ocr_line' id='line_1_21' title="bbox 175 1883 2301 1946; baseline 0.003 -15"><span class='ocrx_word' id='word_1_196' title='bbox 175 1883 422 1945; x_wconf 80' lang='lat' dir='ltr'><strong>exempla,</strong></span> <span class='ocrx_word' id='word_1_197' title='bbox 457 1884 631 1946; x_wconf 89' lang='lat' dir='ltr'><strong>quibus</strong></span> <span class='ocrx_word' id='word_1_198' title='bbox 667 1890 894 1942; x_wconf 87' lang='lat' dir='ltr'><strong>utuntur,</strong></span> <span class='ocrx_word' id='word_1_199' title='bbox 927 1885 1163 1941; x_wconf 90' lang='lat' dir='ltr'><strong>intuenti,</strong></span> <span class='ocrx_word' id='word_1_200' title='bbox 1203 1883 1335 1929; x_wconf 90' lang='lat' dir='ltr'><strong>uelut</strong></span> <span class='ocrx_word' id='word_1_201' title='bbox 1370 1883 1505 1942; x_wconf 88' lang='lat' dir='ltr'><strong>illud,</strong></span> <span class='ocrx_word' id='word_1_202' title='bbox 1540 1899 1634 1944; x_wconf 94' lang='lat' dir='ltr'><strong>quo</strong></span> <span class='ocrx_word' id='word_1_203' title='bbox 1667 1883 1971 1944; x_wconf 80' lang='lat' dir='ltr'><strong>Billrothius,</strong></span> <span class='ocrx_word' id='word_1_204' title='bbox 2005 1902 2068 1932; x_wconf 85' lang='lat' dir='ltr'><strong>ex</strong></span> <span class='ocrx_word' id='word_1_205' title='bbox 2100 1887 2301 1937; x_wconf 84' lang='lat' dir='ltr'><strong>Coesaris</strong></span> 
     </span>
     <span class='ocr_line' id='line_1_22' title="bbox 173 1973 2299 2037; baseline 0.003 -16"><span class='ocrx_word' id='word_1_206' title='bbox 173 1973 310 2021; x_wconf 92' lang='lat' dir='ltr'><strong>Bello</strong></span> <span class='ocrx_word' id='word_1_207' title='bbox 344 1973 470 2020; x_wconf 90' lang='lat' dir='ltr'><strong>Gall.</strong></span> <span class='ocrx_word' id='word_1_208' title='bbox 500 1974 535 2033; x_wconf 91' lang='lat' dir='ltr'><strong>l,</strong></span> <span class='ocrx_word' id='word_1_209' title='bbox 569 1980 665 2033; x_wconf 87' lang='grc'><strong>40,</strong></span> <span class='ocrx_word' id='word_1_210' title='bbox 707 1973 790 2020; x_wconf 91' lang='lat' dir='ltr'><strong>ubi</strong></span> <span class='ocrx_word' id='word_1_211' title='bbox 823 1980 958 2034; x_wconf 80' lang='lat' dir='ltr'><strong>putat</strong></span> <span class='ocrx_word' id='word_1_212' title='bbox 993 1990 1156 2020; x_wconf 86' lang='lat' dir='ltr'><strong>ueram</strong></span> <span class='ocrx_word' id='word_1_213' title='bbox 1187 1988 1291 2019; x_wconf 88' lang='lat' dir='ltr'><strong>esse</strong></span> <span class='ocrx_word' id='word_1_214' title='bbox 1324 1974 1775 2034; x_wconf 86' lang='lat' dir='ltr'><strong>interrogationem,</strong></span> <span class='ocrx_word' id='word_1_215' title='bbox 1829 1977 1957 2037; x_wconf 90' lang='lat' dir='ltr'><strong>quod</strong></span> <span class='ocrx_word' id='word_1_216' title='bbox 1991 1979 2299 2026; x_wconf 88' lang='lat' dir='ltr'><strong>coniunctiuo</strong></span> 
     </span>
     <span class='ocr_line' id='line_1_23' title="bbox 174 2063 2296 2130; baseline 0.002 -18"><span class='ocrx_word' id='word_1_217' title='bbox 174 2065 337 2112; x_wconf 84' lang='lat' dir='ltr'><strong>Caesar</strong></span> <span class='ocrx_word' id='word_1_218' title='bbox 367 2066 535 2112; x_wconf 89' lang='lat' dir='ltr'><strong>utitur.</strong></span> <span class='ocrx_word' id='word_1_219' title='bbox 607 2063 910 2124; x_wconf 85' lang='lat' dir='ltr'><strong>Quaesiuitne</strong></span> <span class='ocrx_word' id='word_1_220' title='bbox 940 2065 1087 2127; x_wconf 86' lang='lat' dir='ltr'><strong>igitur</strong></span> <span class='ocrx_word' id='word_1_221' title='bbox 1121 2064 1298 2124; x_wconf 83' lang='lat' dir='ltr'><strong>Caesar,</strong></span> <span class='ocrx_word' id='word_1_222' title='bbox 1332 2065 1468 2110; x_wconf 89' lang='lat' dir='ltr'><strong>cuius</strong></span> <span class='ocrx_word' id='word_1_223' title='bbox 1503 2070 1575 2110; x_wconf 89' lang='lat' dir='ltr'><strong>est</strong></span> <span class='ocrx_word' id='word_1_224' title='bbox 1611 2065 1781 2125; x_wconf 85' lang='lat' dir='ltr'><strong>oratio,</strong></span> <span class='ocrx_word' id='word_1_225' title='bbox 1813 2068 2067 2130; x_wconf 88' lang='lat' dir='ltr'><strong>quicquam</strong></span> <span class='ocrx_word' id='word_1_226' title='bbox 2102 2083 2131 2114; x_wconf 85' lang='lat' dir='ltr'><strong>e</strong></span> <span class='ocrx_word' id='word_1_227' title='bbox 2166 2069 2296 2117; x_wconf 88' lang='lat' dir='ltr'><strong>mili-</strong></span> 
     </span>
     <span class='ocr_line' id='line_1_24' title="bbox 172 2150 2296 2221; baseline 0.002 -19"><span class='ocrx_word' id='word_1_228' title='bbox 172 2156 332 2214; x_wconf 86' lang='lat' dir='ltr'><strong>tibus,</strong></span> <span class='ocrx_word' id='word_1_229' title='bbox 404 2156 465 2201; x_wconf 91' lang='lat' dir='ltr'><strong>ad</strong></span> <span class='ocrx_word' id='word_1_230' title='bbox 497 2156 627 2218; x_wconf 90' lang='lat' dir='ltr'><strong>quod</strong></span> <span class='ocrx_word' id='word_1_231' title='bbox 660 2155 753 2201; x_wconf 84' lang='lat' dir='ltr'><strong>sibi</strong></span> <span class='ocrx_word' id='word_1_232' title='bbox 795 2156 1078 2217; x_wconf 87' lang='lat' dir='ltr'><strong>responderi</strong></span> <span class='ocrx_word' id='word_1_233' title='bbox 1123 2150 1308 2200; x_wconf 82' lang='lat' dir='ltr'><strong>uellet?</strong></span> <span class='ocrx_word' id='word_1_234' title='bbox 1368 2154 1523 2200; x_wconf 88' lang='lat' dir='ltr'><strong>Immo</strong></span> <span class='ocrx_word' id='word_1_235' title='bbox 1556 2156 1597 2200; x_wconf 79' lang='lat' dir='ltr'><strong>is</strong></span> <span class='ocrx_word' id='word_1_236' title='bbox 1632 2171 1731 2201; x_wconf 90' lang='lat' dir='ltr'><strong>non</strong></span> <span class='ocrx_word' id='word_1_237' title='bbox 1766 2157 1925 2202; x_wconf 86' lang='lat' dir='ltr'><strong>minus</strong></span> <span class='ocrx_word' id='word_1_238' title='bbox 1956 2158 2296 2221; x_wconf 86' lang='lat' dir='ltr'><strong>interrogando</strong></span> 
     </span>
     <span class='ocr_line' id='line_1_25' title="bbox 177 2245 2294 2308; baseline 0.003 -16"><span class='ocrx_word' id='word_1_239' title='bbox 177 2253 560 2308; x_wconf 87' lang='lat' dir='ltr'><strong>argumentatur,</strong></span> <span class='ocrx_word' id='word_1_240' title='bbox 597 2261 739 2307; x_wconf 88' lang='lat' dir='ltr'><strong>quam</strong></span> <span class='ocrx_word' id='word_1_241' title='bbox 775 2246 827 2291; x_wconf 92' lang='lat' dir='ltr'><strong>in</strong></span> <span class='ocrx_word' id='word_1_242' title='bbox 855 2261 914 2291; x_wconf 91' lang='lat' dir='ltr'><strong>eo</strong></span> <span class='ocrx_word' id='word_1_243' title='bbox 949 2245 1191 2306; x_wconf 86' lang='lat' dir='ltr'><strong>exemplo,</strong></span> <span class='ocrx_word' id='word_1_244' title='bbox 1219 2246 1347 2307; x_wconf 89' lang='lat' dir='ltr'><strong>quod</strong></span> <span class='ocrx_word' id='word_1_245' title='bbox 1379 2246 1675 2292; x_wconf 84' lang='lat' dir='ltr'><strong>contrarium</strong></span> <span class='ocrx_word' id='word_1_246' title='bbox 1711 2247 1872 2293; x_wconf 87' lang='lat' dir='ltr'><strong>statim</strong></span> <span class='ocrx_word' id='word_1_247' title='bbox 1909 2262 1971 2292; x_wconf 82' lang='lat' dir='ltr'><strong>ex</strong></span> <span class='ocrx_word' id='word_1_248' title='bbox 2001 2247 2126 2296; x_wconf 87' lang='lat' dir='ltr'><strong>Livii</strong></span> <span class='ocrx_word' id='word_1_249' title='bbox 2158 2249 2240 2298; x_wconf 88' lang='lat' dir='ltr'><strong>lib.</strong></span> <span class='ocrx_word' id='word_1_250' title='bbox 2274 2252 2294 2297; x_wconf 92' lang='grc' dir='ltr'>Ι</span> 
     </span>
     <span class='ocr_line' id='line_1_26' title="bbox 174 2332 2297 2399; baseline 0.003 -18"><span class='ocrx_word' id='word_1_251' title='bbox 174 2353 216 2381; x_wconf 92' lang='lat' dir='ltr'><strong>c.</strong></span> <span class='ocrx_word' id='word_1_252' title='bbox 251 2343 318 2390; x_wconf 86' lang='lat'><strong>50</strong></span> <span class='ocrx_word' id='word_1_253' title='bbox 353 2338 567 2396; x_wconf 90' lang='lat' dir='ltr'><strong>ponitur,</strong></span> <span class='ocrx_word' id='word_1_254' title='bbox 600 2335 823 2381; x_wconf 85' lang='lat' dir='ltr'><strong>Turnus:</strong></span> <span class='ocrx_word' id='word_1_255' title='bbox 859 2334 943 2382; x_wconf 86' lang='lat' dir='ltr'><strong>An</strong></span> <span class='ocrx_word' id='word_1_256' title='bbox 970 2335 1236 2396; x_wconf 82' lang='lat' dir='ltr'><strong>quicquam</strong></span> <span class='ocrx_word' id='word_1_257' title='bbox 1269 2334 1532 2396; x_wconf 75' lang='lat' dir='ltr'><strong>superbius</strong></span> <span class='ocrx_word' id='word_1_258' title='bbox 1565 2350 1672 2380; x_wconf 82' lang='lat' dir='ltr'><strong>esse</strong></span> <span class='ocrx_word' id='word_1_259' title='bbox 1702 2332 1828 2382; x_wconf 84' lang='lat' dir='ltr'><strong>&amp;c.?</strong></span> <span class='ocrx_word' id='word_1_260' title='bbox 1859 2336 1925 2383; x_wconf 86' lang='lat' dir='ltr'><strong>Et</strong></span> <span class='ocrx_word' id='word_1_261' title='bbox 1956 2340 2084 2399; x_wconf 88' lang='lat' dir='ltr'><strong>quod</strong></span> <span class='ocrx_word' id='word_1_262' title='bbox 2116 2340 2297 2388; x_wconf 85' lang='lat' dir='ltr'><strong>Billro-</strong></span> 
     </span>
     <span class='ocr_line' id='line_1_27' title="bbox 174 2424 2318 2491; baseline 0.001 -18"><span class='ocrx_word' id='word_1_263' title='bbox 174 2427 305 2473; x_wconf 87' lang='lat' dir='ltr'><strong>thius</strong></span> <span class='ocrx_word' id='word_1_264' title='bbox 341 2426 438 2473; x_wconf 89' lang='lat' dir='ltr'><strong>illic</strong></span> <span class='ocrx_word' id='word_1_265' title='bbox 472 2425 690 2472; x_wconf 88' lang='lat' dir='ltr'><strong>ascribit:</strong></span> <span class='ocrx_word' id='word_1_266' title='bbox 757 2432 808 2471; x_wconf 83' lang='lat' dir='ltr'><strong>et</strong></span> <span class='ocrx_word' id='word_1_267' title='bbox 842 2425 1091 2487; x_wconf 82' lang='lat' dir='ltr'><strong>quaesiuit,</strong></span> <span class='ocrx_word' id='word_1_268' title='bbox 1125 2426 1240 2488; x_wconf 91' lang='lat' dir='ltr'><strong>quid</strong></span> <span class='ocrx_word' id='word_1_269' title='bbox 1273 2441 1383 2472; x_wconf 88' lang='lat' dir='ltr'><strong>eum</strong></span> <span class='ocrx_word' id='word_1_270' title='bbox 1419 2425 1670 2486; x_wconf 87' lang='lat' dir='ltr'><strong>prohibuit</strong></span> <span class='ocrx_word' id='word_1_271' title='bbox 1698 2424 1777 2472; x_wconf 90' lang='lat' dir='ltr'><strong>hic</strong></span> <span class='ocrx_word' id='word_1_272' title='bbox 1812 2443 2000 2491; x_wconf 88' lang='lat' dir='ltr'><strong>quoque</strong></span> <span class='ocrx_word' id='word_1_273' title='bbox 2027 2431 2318 2487; x_wconf 28' lang='lat' dir='ltr'><strong>ascribere:-</strong></span> 
     </span>
     <span class='ocr_line' id='line_1_28' title="bbox 176 2512 1186 2580; baseline 0 -19"><span class='ocrx_word' id='word_1_274' title='bbox 176 2524 226 2561; x_wconf 79' lang='lat' dir='ltr'><strong>et</strong></span> <span class='ocrx_word' id='word_1_275' title='bbox 257 2516 503 2580; x_wconf 83' lang='lat' dir='ltr'><strong>quaesiuit,</strong></span> <span class='ocrx_word' id='word_1_276' title='bbox 537 2531 656 2563; x_wconf 82' lang='lat' dir='ltr'><strong>num</strong></span> <span class='ocrx_word' id='word_1_277' title='bbox 693 2514 959 2579; x_wconf 83' lang='lat' dir='ltr'><strong>quicquam</strong></span> <span class='ocrx_word' id='word_1_278' title='bbox 991 2512 1082 2563; x_wconf 82' lang='lat' dir='ltr'><strong>&amp;c.</strong></span> <span class='ocrx_word' id='word_1_279' title='bbox 1097 2512 1124 2561; x_wconf 84' lang='lat'><em>?</em></span> <span class='ocrx_word' id='word_1_280' title='bbox 1144 2513 1186 2579; x_wconf 85' lang='lat'><strong>¹)</strong></span> 
     </span>
     <span class='ocr_line' id='line_1_29' title="bbox 264 2647 2296 2697; baseline 0.002 -14"><span class='ocrx_word' id='word_1_281' title='bbox 264 2653 297 2691; x_wconf 89' lang='lat'><strong>1)</strong></span> <span class='ocrx_word' id='word_1_282' title='bbox 354 2647 522 2685; x_wconf 85' lang='lat' dir='ltr'><strong>Omnino</strong></span> <span class='ocrx_word' id='word_1_283' title='bbox 543 2657 680 2694; x_wconf 82' lang='lat' dir='ltr'><strong>errant,</strong></span> <span class='ocrx_word' id='word_1_284' title='bbox 703 2652 772 2695; x_wconf 83' lang='lat' dir='ltr'><strong>qui</strong></span> <span class='ocrx_word' id='word_1_285' title='bbox 792 2648 1076 2684; x_wconf 84' lang='lat' dir='ltr'><strong>obliuiscuntur</strong></span> <span class='ocrx_word' id='word_1_286' title='bbox 1094 2648 1396 2691; x_wconf 79' lang='lat' dir='ltr'><strong>(obliuiscuntur</strong></span> <span class='ocrx_word' id='word_1_287' title='bbox 1420 2657 1545 2684; x_wconf 87' lang='lat' dir='ltr'><strong>autem</strong></span> <span class='ocrx_word' id='word_1_288' title='bbox 1566 2650 1674 2685; x_wconf 86' lang='lat' dir='ltr'><strong>multi</strong></span> <span class='ocrx_word' id='word_1_289' title='bbox 1697 2657 1734 2685; x_wconf 86' lang='lat' dir='ltr'><strong>et</strong></span> <span class='ocrx_word' id='word_1_290' title='bbox 1753 2651 1881 2697; x_wconf 71' lang='lat' dir='ltr'><strong>saepe),</strong></span> <span class='ocrx_word' id='word_1_291' title='bbox 1904 2654 2185 2696; x_wconf 79' lang='lat' dir='ltr'><strong>grammaticam</strong></span> <span class='ocrx_word' id='word_1_292' title='bbox 2208 2664 2296 2688; x_wconf 85' lang='lat' dir='ltr'><strong>uer-</strong></span> 
     </span>
     <span class='ocr_line' id='line_1_30' title="bbox 357 2711 2300 2757; baseline 0.003 -14"><span class='ocrx_word' id='word_1_293' title='bbox 357 2716 428 2746; x_wconf 76' lang='lat' dir='ltr'><strong>sari</strong></span> <span class='ocrx_word' id='word_1_294' title='bbox 447 2717 487 2746; x_wconf 80' lang='lat' dir='ltr'><strong>iu</strong></span> <span class='ocrx_word' id='word_1_295' title='bbox 506 2716 586 2757; x_wconf 78' lang='lat' dir='ltr'><strong>ipsa</strong></span> <span class='ocrx_word' id='word_1_296' title='bbox 606 2712 730 2757; x_wconf 79' lang='lat' dir='ltr'><strong>forma</strong></span> <span class='ocrx_word' id='word_1_297' title='bbox 751 2715 1036 2754; x_wconf 81' lang='lat' dir='ltr'><strong>sententiarum,</strong></span> <span class='ocrx_word' id='word_1_298' title='bbox 1060 2720 1171 2756; x_wconf 84' lang='lat' dir='ltr'><strong>atque</strong></span> <span class='ocrx_word' id='word_1_299' title='bbox 1193 2724 1244 2747; x_wconf 78' lang='lat' dir='ltr'><strong>ex</strong></span> <span class='ocrx_word' id='word_1_300' title='bbox 1263 2723 1306 2746; x_wconf 81' lang='lat' dir='ltr'><strong>ea</strong></span> <span class='ocrx_word' id='word_1_301' title='bbox 1325 2715 1452 2746; x_wconf 86' lang='lat' dir='ltr'><strong>omnia</strong></span> <span class='ocrx_word' id='word_1_302' title='bbox 1472 2711 1650 2756; x_wconf 82' lang='lat' dir='ltr'><strong>pendere,</strong></span> <span class='ocrx_word' id='word_1_303' title='bbox 1675 2719 1713 2746; x_wconf 83' lang='lat' dir='ltr'><strong>et</strong></span> <span class='ocrx_word' id='word_1_304' title='bbox 1730 2717 2009 2756; x_wconf 81' lang='lat' dir='ltr'><strong>grammaticam</strong></span> <span class='ocrx_word' id='word_1_305' title='bbox 2034 2717 2300 2757; x_wconf 78' lang='lat' dir='ltr'><strong>proprietatem</strong></span> 
     </span>
     <span class='ocr_line' id='line_1_31' title="bbox 359 2771 2297 2822; baseline 0.002 -13"><span class='ocrx_word' id='word_1_306' title='bbox 359 2785 408 2809; x_wconf 82' lang='lat' dir='ltr'><strong>ex</strong></span> <span class='ocrx_word' id='word_1_307' title='bbox 431 2784 476 2810; x_wconf 81' lang='lat' dir='ltr'><strong>eo</strong></span> <span class='ocrx_word' id='word_1_308' title='bbox 498 2775 715 2821; x_wconf 80' lang='lat' dir='ltr'><strong>explicant,</strong></span> <span class='ocrx_word' id='word_1_309' title='bbox 742 2774 847 2821; x_wconf 85' lang='lat' dir='ltr'><strong>quod</strong></span> <span class='ocrx_word' id='word_1_310' title='bbox 869 2773 1000 2811; x_wconf 83' lang='lat' dir='ltr'><strong>eadem</strong></span> <span class='ocrx_word' id='word_1_311' title='bbox 1019 2787 1078 2811; x_wconf 76' lang='lat' dir='ltr'><strong>res</strong></span> <span class='ocrx_word' id='word_1_312' title='bbox 1109 2775 1186 2811; x_wconf 88' lang='lat' dir='ltr'><strong>alio</strong></span> <span class='ocrx_word' id='word_1_313' title='bbox 1207 2773 1321 2812; x_wconf 82' lang='lat' dir='ltr'><strong>modo</strong></span> <span class='ocrx_word' id='word_1_314' title='bbox 1343 2776 1494 2820; x_wconf 85' lang='lat' dir='ltr'><strong>concipi</strong></span> <span class='ocrx_word' id='word_1_315' title='bbox 1522 2781 1561 2810; x_wconf 82' lang='lat' dir='ltr'><strong>et</strong></span> <span class='ocrx_word' id='word_1_316' title='bbox 1585 2776 1748 2822; x_wconf 85' lang='lat' dir='ltr'><strong>proponi</strong></span> <span class='ocrx_word' id='word_1_317' title='bbox 1769 2777 1950 2821; x_wconf 80' lang='lat' dir='ltr'><strong>potuerit.</strong></span> <span class='ocrx_word' id='word_1_318' title='bbox 2009 2771 2126 2811; x_wconf 77' lang='lat' dir='ltr'><strong>Cuius</strong></span> <span class='ocrx_word' id='word_1_319' title='bbox 2147 2779 2297 2821; x_wconf 83' lang='lat' dir='ltr'><strong>generis</strong></span> 
     </span>
    </p>
   </div>
   <div class='ocr_carea' id='block_1_3' title="bbox 355 2836 2293 2946">
    <p class='ocr_par' dir='ltr' id='par_1_3' title="bbox 355 2836 2293 2946">
     <span class='ocr_line' id='line_1_32' title="bbox 357 2836 2293 2885; baseline 0.002 -16"><span class='ocrx_word' id='word_1_320' title='bbox 357 2837 575 2882; x_wconf 85' lang='lat' dir='ltr'><strong>exemplum</strong></span> <span class='ocrx_word' id='word_1_321' title='bbox 595 2844 672 2878; x_wconf 83' lang='lat' dir='ltr'><strong>est,</strong></span> <span class='ocrx_word' id='word_1_322' title='bbox 704 2847 843 2882; x_wconf 84' lang='lat' dir='ltr'><strong>quum,</strong></span> <span class='ocrx_word' id='word_1_323' title='bbox 877 2847 926 2871; x_wconf 88' lang='lat' dir='ltr'><strong>ne</strong></span> <span class='ocrx_word' id='word_1_324' title='bbox 948 2842 1134 2882; x_wconf 82' lang='lat' dir='ltr'><strong>cogantur</strong></span> <span class='ocrx_word' id='word_1_325' title='bbox 1155 2839 1296 2871; x_wconf 72' lang='lat' dir='ltr'><strong>rectius</strong></span> <span class='ocrx_word' id='word_1_326' title='bbox 1319 2836 1365 2871; x_wconf 85' lang='lat' dir='ltr'><strong>de</strong></span> <span class='ocrx_word' id='word_1_327' title='bbox 1384 2836 1671 2881; x_wconf 71' lang='lat' dir='ltr'><strong>pronominibus</strong></span> <span class='ocrx_word' id='word_1_328' title='bbox 1688 2837 1884 2885; x_wconf 79' lang='lat' dir='ltr'><strong>quisquam</strong></span> <span class='ocrx_word' id='word_1_329' title='bbox 1904 2843 1943 2871; x_wconf 79' lang='lat' dir='ltr'><strong>et</strong></span> <span class='ocrx_word' id='word_1_330' title='bbox 1963 2837 2064 2871; x_wconf 74' lang='lat' dir='ltr'><strong>ullus</strong></span> <span class='ocrx_word' id='word_1_331' title='bbox 2081 2840 2293 2882; x_wconf 67' lang='lat' dir='ltr'><strong>precipere,</strong></span> 
     </span>
     <span class='ocr_line' id='line_1_33' title="bbox 355 2897 2293 2946; baseline 0.001 -16"><span class='ocrx_word' id='word_1_332' title='bbox 355 2897 451 2932; x_wconf 81' lang='lat' dir='ltr'><strong>hanc</strong></span> <span class='ocrx_word' id='word_1_333' title='bbox 474 2901 722 2935; x_wconf 77' lang='lat' dir='ltr'><strong>senteutiam:</strong></span> <span class='ocrx_word' id='word_1_334' title='bbox 771 2900 887 2934; x_wconf 82' lang='lat' dir='ltr'><strong>maior</strong></span> <span class='ocrx_word' id='word_1_335' title='bbox 911 2905 968 2934; x_wconf 76' lang='lat' dir='ltr'><strong>est</strong></span> <span class='ocrx_word' id='word_1_336' title='bbox 993 2911 1103 2946; x_wconf 81' lang='lat' dir='ltr'><strong>quam</strong></span> <span class='ocrx_word' id='word_1_337' title='bbox 1131 2899 1328 2946; x_wconf 76' lang='lat' dir='ltr'><strong>quisquam</strong></span> <span class='ocrx_word' id='word_1_338' title='bbox 1356 2897 1468 2941; x_wconf 76' lang='lat' dir='ltr'><strong>alius,</strong></span> <span class='ocrx_word' id='word_1_339' title='bbox 1492 2902 1705 2944; x_wconf 76' lang='lat' dir='ltr'><strong>negatiuam</strong></span> <span class='ocrx_word' id='word_1_340' title='bbox 1726 2897 1871 2933; x_wconf 82' lang='lat' dir='ltr'><strong>dicunt.</strong></span> <span class='ocrx_word' id='word_1_341' title='bbox 1930 2901 2061 2943; x_wconf 81' lang='lat' dir='ltr'><strong>ltaque</strong></span> <span class='ocrx_word' id='word_1_342' title='bbox 2083 2901 2149 2942; x_wconf 81' lang='lat' dir='ltr'><strong>qui</strong></span> <span class='ocrx_word' id='word_1_343' title='bbox 2171 2909 2293 2943; x_wconf 82' lang='lat' dir='ltr'><strong>nuper</strong></span> 
     </span>
    </p>
   </div>
  </div>
 </body>
</html>
