2608 3184
290 23 356 75 24

1027 173 1212 239 Singul.
1854 176 2037 225 mun-nl.

813 243 1408 340 pm
1725 244 2189 276 W

406 320 548 369 Prior
582 320 742 370 forma
769 264 795 438 ἔ

814 384 941 428 pers.
976 375 1006 421 2
1041 375 1092 415 et
1125 377 1186 424 3:
1235 368 1463 416 hortator
1681 384 1809 431 pers.
1840 378 1898 426 3:
1944 370 2210 418 hortantor

407 454 511 504 Sec.
532 456 693 504 forma
723 482 788 491 —
808 472 938 519 pers.
968 465 999 511 2
1035 464 1085 504 et
1119 466 1176 514 3:
1228 457 1508 506 hortamino
1526 454 1573 521 ¹)
1673 462 1800 521 pers.
1830 467 1889 513 2:
1934 457 2221 507 hortamini.

226 542 353 590 Nam
389 543 672 592 hortamino
707 562 818 593 cum
851 544 1124 594 hortamini
1157 527 1467 596 coniunctum
1500 562 1626 609 esse,
1690 549 1991 611 eandemque
2034 548 2217 596 habere
2256 554 2361 596 ter-

228 635 506 682 minationis
539 636 795 698 singularis
822 643 873 683 et
905 637 957 683 in
992 639 1210 700 cognatis
1242 637 1446 701 linguis,
1495 638 1624 701 quod
1656 638 1830 697 sciam,
1878 636 2075 684 abolitae
2107 639 2357 701 originem,

233 724 445 772 dubitari
479 728 663 788 nequit,
694 728 786 773 etsi
822 726 942 774 illud
978 728 1203 774 secundae
1234 735 1284 774 et
1318 730 1497 788 tertiae,
1530 728 1622 775 hoc
1656 736 1846 776 tantum
1879 729 2104 775 secundae
2137 743 2360 788 personoe

231 822 306 860 est
340 823 390 862 et
428 817 478 862 in
508 818 771 863 indicatiuo
806 818 1068 878 respondet
1102 817 1333 879 singulari
1368 817 1622 878 hortaris,·
1668 820 1838 865 eadem
1886 833 2201 879 personarum
2244 833 2363 878 per-

230 904 445 953 turbatio
483 913 556 953 est
589 907 641 953 in
670 904 929 961 hortator,
971 906 1106 953 cuius
1143 905 1333 968 plurale
1365 914 1555 956 tantum
1588 909 1744 956 tertiae
1774 909 2026 970 proprium
2064 912 2164 966 est,
2198 906 2357 967 ipsum

230 995 375 1042 etiam
415 997 676 1043 secundam
714 994 1053 1056 complectitur
1065 1013 1079 1057 3
1151 1002 1201 1043 et
1244 1003 1407 1044 tamen
1450 1004 1611 1059 patet,
1674 998 1984 1045 coniunctum
2019 998 2069 1044 id
2108 1011 2214 1042 esse
2248 1011 2360 1042 cum

191 1096 196 1100 ·
231 1086 377 1133 tertia
404 1086 655 1133 indicatiui
690 1100 928 1147 persona,
979 1090 1036 1132 ut
1068 1084 1275 1134 hortare
1311 1102 1421 1134 cum
1454 1088 1666 1135 secunda
1699 1093 1956 1150 cognatum
1991 1093 2065 1134 est
2098 1083 2175 1132 uel
2202 1084 2362 1148 potius
2443 1121 2445 1123 .

227 1177 374 1223 idem.
442 1177 671 1223 Ceterum
700 1191 793 1223 usu
825 1174 1032 1222 hortare
1064 1178 1317 1238 praesentis
1352 1192 1458 1224 esse
1490 1178 1728 1238 dicemus,
1770 1176 2025 1234 hortator,
2059 1174 2361 1229 hortamino,

226 1263 494 1311 hortantor
524 1265 679 1313 futuri
749 1265 863 1330 (hoc
898 1273 971 1313 est
1004 1267 1197 1327 imperii
1230 1274 1416 1315 certum
1447 1274 1640 1329 tempus
1677 1275 1726 1315 et
1756 1268 2086 1314 condicionem
2120 1265 2360 1312 definien-

230 1356 323 1415 tis‚)
384 1354 656 1402 hortamini
694 1363 742 1402 et
779 1357 1030 1417 praesentis
1066 1363 1116 1403 et
1152 1355 1323 1405 futuri.
1422 1357 1690 1404 Rarissime
1733 1356 1827 1403 hoc
1859 1358 1910 1403 in
1945 1356 2118 1418 linguis
2152 1356 2237 1411 fit,
2305 1363 2360 1402 ut

230 1461 552 1508 personarum
584 1454 714 1493 notae
753 1453 1137 1509 commutentur3
1197 1449 1282 1494 sed
1315 1450 1366 1495 in
1402 1463 1545 1494 causa
1577 1446 1672 1494 fuit
1707 1446 1987 1509 infrequens
2038 1446 2212 1492 harum
2252 1444 2362 1493 for-

226 1552 420 1584 marum
459 1552 602 1594 usus,
651 1552 758 1599 quae
794 1535 898 1582 fere
934 1538 984 1583 in
1014 1536 1128 1583 solis
1163 1537 1543 1599 deponentibus,
1588 1554 1677 1583 nec
1712 1538 1762 1584 in
1797 1538 1854 1583 iis
1890 1552 2047 1597 saepe,
2091 1535 2361 1582 audieban-

227 1635 325 1674 tur.
430 1626 534 1674 Nec
586 1626 678 1673 alia
728 1633 800 1673 est
835 1643 980 1673 causa
1024 1643 1112 1673 cur
1147 1626 1417 1690 aliquanto,
1487 1644 1631 1691 quam
1665 1634 1885 1689 putatur,
1954 1627 2128 1687 saepius
2167 1631 2359 1671 ueteres

227 1716 394 1762 Latini
424 1718 476 1762 in
509 1715 740 1762 hortator
773 1723 822 1762 et
856 1715 1121 1763 hortantor
1154 1719 1335 1778 passini
1368 1726 1534 1763 notam
1577 1717 1842 1763 abiecerint
1886 1716 2192 1777 dixerintque
2239 1714 2362 1760 hor-

229 1812 354 1861 tato,
387 1803 637 1865 hortantO,
671 1821 733 1852 ex
768 1821 888 1868 quo,
923 1807 1155 1867 siquando
1192 1807 1581 1852 animaduersum
1617 1813 1717 1864 est,
1748 1822 1847 1852 non
1880 1811 2011 1851 recte
2045 1803 2362 1864 concluditur,

229 1896 375 1941 etiam
411 1893 559 1939 horto
593 1896 788 1939 eosdem
828 1895 1041 1939 dicturos
1074 1894 1222 1940 fuisse
1234 1912 1248 1955 3
1313 1910 1470 1956 neque
1507 1897 1634 1940 enim
1668 1895 1760 1940 hoc
1793 1895 1853 1940 od
1886 1895 2034 1940 totius
2069 1893 2228 1953 uerbi,
2274 1894 2361 1939 sed

231 1985 293 2031 ad
324 1983 477 2030 solam
512 1984 790 2045 imperatiui
824 1981 1033 2028 formam
1068 1984 1292 2043 pertinet.
1382 1982 1519 2028 Utito
1554 1984 1627 2030 bis
1665 1985 1787 2030 dixit
1822 1983 1942 2028 Cato
1990 1982 2107 2045 (uid.
2145 1981 2360 2028 Scheller

229 2082 277 2121 et
310 2073 603 2119 Ramshorn.
640 2088 688 2134 p.
722 2071 874 2133 205),
944 2079 1121 2117 utunto
1155 2079 1229 2118 est
1274 2074 1325 2119 in
1371 2081 1540 2119 uetere
1581 2072 1834 2135 plebiscito
1882 2073 1944 2117 de
1978 2071 2360 2118 Thermensibus

227 2181 275 2227 p.
313 2167 410 2218 146
442 2164 592 2210 Orell.
614 2165 877 2228 (Inscriptt.
911 2162 1056 2225 Lat),
1091 2162 1234 2207 nitito
1264 2170 1312 2209 et
1341 2163 1627 2227 amplexato
1654 2165 1823 2210 Cicero
1846 2164 2038 2223 scripsit
2064 2163 2275 2226 (Fragm.
2300 2163 2360 2208 de

227 2270 328 2317 rep.
347 2256 476 2316 apud
498 2254 786 2301 Diomedem
823 2270 871 2315 p.
907 2261 1022 2314 330,
1058 2268 1149 2315 pro
1180 2253 1366 2302 Cluent.
1399 2261 1479 2315 44,
1518 2253 1651 2318 124),
1686 2255 1911 2316 idemque
1942 2259 2113 2299 mento
2141 2260 2190 2300 et
2211 2251 2359 2316 pati-

229 2351 353 2390 unto
388 2345 555 2407 (Legg.
590 2345 672 2399 III,
708 2353 767 2398 3,
802 2350 836 2397 7
872 2351 922 2389 et
960 2349 1021 2404 4,
1059 2343 1173 2406 11);
1241 2360 1331 2405 pro
1358 2344 1628 2390 arbitrator
1661 2346 1720 2390 de
1752 2343 1863 2390 Nat.
1897 2344 2049 2390 Deor.
2085 2341 2142 2399 II,
2177 2344 2257 2397 29,
2291 2343 2360 2390 74

230 2437 524 2494 optimorum
572 2437 792 2480 codicum
829 2436 1089 2481 auctoritas
1126 2435 1340 2494 postulat
1379 2435 1656 2492 arbitrat05
1718 2435 1769 2479 in
1811 2433 1919 2495 lege
1967 2432 2169 2480 Seruilia
2215 2429 2360 2475 etiam

233 2530 463 2568 censento
496 2539 588 2585 pro
625 2531 885 2570 censentor
915 2526 1150 2586 scriptum
1184 2531 1258 2571 est
1295 2524 1357 2587 (c.
1391 2533 1455 2580 23
1489 2540 1536 2586 p.
1568 2526 1633 2578 66
1664 2522 1931 2586 Haubold.)
1948 2523 1997 2585 2)

325 2728 361 2770 ι)
405 2726 493 2761 Haec
518 2725 640 2761 forma
664 2734 797 2772 praeter
823 2738 888 2763 eos
909 2728 1036 2771 locos,
1072 2738 1169 2774 quos
1197 2724 1378 2763 Struuius
1404 2734 1442 2762 et
1466 2727 1532 2762 alii
1556 2728 1694 2773 citant,
1728 2733 1865 2773 quater
1888 2725 2032 2769 legitur
2058 2724 2101 2758 iu
2124 2718 2252 2756 tabula
2278 2717 2359 2754 He-

409 2788 593 2823 racleeusi
629 2787 840 2834 (Haubold.
865 2788 1039 2828 Monum.
1062 2790 1137 2835 leg.
1162 2792 1238 2824 iur.
1266 2789 1375 2824 Rom.
1397 2800 1433 2834 p.
1467 2791 1559 2832 100).

323 2859 359 2900 2)
407 2856 518 2900 Haec,
550 2869 632 2903 quae
657 2858 703 2893 de
727 2860 947 2904 imperatiui
969 2857 1102 2896 formis
1127 2859 1233 2902 dixi,
1258 2861 1299 2894 in
1322 2860 1542 2895 memoriam
1566 2863 1769 2903 reuocant,
1802 2865 1884 2902 quae
1909 2853 1956 2889 de
1981 2863 2055 2888 usu
2080 2852 2299 2900 imper-atini
2322 2859 2362 2887 et

407 2920 649 2955 coniunctiui
674 2918 757 2956 dixi
783 2922 825 2955 iu
848 2923 1050 2958 comment.
1076 2921 1123 2958 de
1146 2919 1281 2958 formis
1306 2918 1412 2967 quib.
1439 2919 1550 2957 uerbi
1574 2918 1654 2956 Lat.
1681 2919 1701 2954 1
1724 2930 1762 2966 p.
1789 2928 1834 2953 22
1858 2921 1951 2959 uon,
1985 2923 2067 2960 quae
2091 2913 2294 2960 Zumptius
2319 2914 2360 2948 in
