2608 3184
2249 13 2283 60 5

228 160 426 224 eiusque
459 164 730 221 praecepta,
790 157 873 220 qui
905 160 1074 219 postea
1102 154 1164 204 de
1197 152 1510 219 grammatica
1541 152 1719 203 Latina
1751 155 2070 219 scripserunt,
2131 168 2348 218 sequun-

225 255 306 298 tur
325 248 386 312 ¹).
469 247 618 295 Putat
651 252 813 294 autem
847 247 912 307 is,
956 260 1035 293 eas
1067 246 1494 310 interrogationes,
1524 260 1632 308 quae
1666 252 1857 293 tantum
1888 246 2097 293 formam
2132 245 2347 290 rhetori-

223 355 330 386 cam
360 337 573 384 habeant
605 338 955 399 interrogandi,
1025 336 1422 398 significationem
1456 342 1540 381 aut
1574 338 1787 383 aientem
1830 343 1914 381 aut
1942 343 2225 398 negantem,
2294 336 2346 380 in

219 427 511 475 infinitiuum
547 428 782 483 transire,
846 433 1028 473 ceteras
1060 426 1196 471 finito
1228 432 1448 486 tempore
1484 427 1779 472 coniunctiui
1814 427 1949 472 modi
1982 425 2158 471 efferri.
2249 425 2346 470 Sed

222 519 435 580 primum
469 518 546 563 uir
580 518 749 564 doctus
778 519 830 564 in
865 517 1067 563 materia
1097 514 1366 577 colligenda
1412 530 1641 575 peruerse
1671 516 1851 562 multos
1887 516 2019 579 locos
2054 516 2345 575 scriptorum

220 615 442 655 ueterum
476 608 738 654 immiscuit
766 606 880 652 huic
916 605 1197 666 quaestioni,
1240 605 1323 664 qui
1357 604 1418 650 ab
1453 620 1510 650 ea
1544 613 1702 651 essent
1735 606 1906 665 alieni,
1946 621 2096 667 quum
2130 607 2344 651 interro-

218 699 381 759 gatiua
413 699 650 744 sententia
679 697 819 742 initio
850 695 1006 755 posita
1041 692 1324 754 simpliciter
1357 694 1593 754 penderet
1625 710 1655 740 a
1688 696 1855 753 uerbo,
1892 696 2143 756 oratioque
2175 701 2345 756 postea

219 787 414 833 demum
447 789 499 833 in
534 767 779 846 obliquam
812 782 1019 830 formam
1064 784 1192 829 dicta
1235 782 1392 829 aliena
1433 784 1668 830 reddendi
1701 785 1951 844 transiret3
2009 783 2147 831 uelut
2207 781 2343 845 (nam

217 893 317 923 uno
351 885 401 923 et
434 877 586 922 altero
613 873 837 935 exemplo
872 872 1068 935 defungi
1095 871 1229 936 licet)
1263 875 1316 920 in
1349 889 1471 920 uoce
1506 871 1741 934 quisnam
1780 874 2001 935 ascripsit
2032 873 2159 921 Livii
2190 874 2342 922 uerba

216 980 280 1011 ex
312 965 426 1011 libri
458 965 524 1009 III
549 982 591 1011 c.
623 970 681 1017 4:
728 979 943 1025 quonam
967 960 1093 1021 fato
1125 962 1413 1017 accidisset,
1456 960 1634 1008 mirari
1668 978 1722 1008 se
1753 962 2018 1023 dictitans,
2053 968 2103 1009 et
2134 964 2186 1009 in
2219 979 2340 1010 uoce

219 1069 283 1099 ne
314 1053 420 1100 haec
455 1069 517 1101 ex
550 1054 657 1102 libr.
693 1052 925 1108 XXXVI,
956 1061 1015 1106 3:
1052 1052 1126 1099 ad
1154 1051 1418 1115 collegium
1442 1049 1709 1111 fetialium
1741 1051 1924 1113 retulit,
1959 1050 2121 1114 ipsine
2153 1052 2338 1101 Antio—

216 1142 307 1189 cho
346 1143 520 1207 utique
568 1143 748 1190 bellum
782 1142 1084 1188 indiceretur
1099 1140 1162 1204 2).
1229 1142 1421 1188 Deinde
1455 1144 1507 1188 in
1540 1157 1595 1187 re
1627 1143 1733 1202 ipsa
1764 1159 1793 1188 a
1824 1158 1942 1188 uero
1962 1143 2209 1189 aberrauit
2239 1160 2339 1191 non

215 1248 313 1278 uno
346 1234 506 1278 modo.
605 1234 826 1278 Primum
872 1233 1022 1290 enim,
1089 1239 1146 1277 ut
1177 1223 1577 1293 interrogationes
1620 1233 1682 1278 ad
1727 1231 1959 1291 simplicis
2005 1231 2336 1280 affirmationis

215 1329 299 1366 aut
331 1324 598 1382 negationis
635 1322 1028 1382 significationem
1063 1322 1329 1381 redigeret,
1362 1320 1617 1382 aliquoties
1650 1338 1749 1368 non
1785 1318 1941 1368 solum
1976 1327 2223 1377 contorte,
2248 1323 2336 1371 sed

212 1425 412 1471 prorsus
455 1410 580 1457 falso
624 1411 775 1457 uerba
817 1411 1107 1469 scriptorum
1147 1411 1455 1471 interpretari
1499 1416 1691 1455 coactus
1737 1416 1836 1469 est3
1904 1408 2036 1456 velut
2078 1410 2239 1458 Taciti
2283 1413 2336 1460 in

210 1499 385 1547 Annal.
418 1500 545 1561 XIII,
574 1506 664 1555 43:
695 1501 795 1548 Cur
827 1498 957 1546 enim
991 1498 1235 1546 neminem
1266 1498 1424 1546 alium
1453 1497 1698 1545 delectum
1729 1497 1870 1546 esse?
1905 1498 2171 1562 significari
2205 1500 2332 1549 uolt:

212 1589 369 1636 alium
400 1590 718 1653 deligendum
744 1589 931 1650 fuisse.
1033 1591 1135 1638 Iam
1165 1590 1259 1637 hoc
1289 1592 1449 1652 ipsum
1489 1588 1585 1637 tale
1620 1597 1721 1649 est,
1786 1597 1841 1637 ut
1872 1606 1931 1637 eo
1963 1591 2107 1637 modo
2142 1593 2333 1653 quiduis

212 1683 274 1729 ad
305 1681 669 1729 affirmationem
701 1682 853 1744 redigi
889 1683 1063 1743 possit,
1120 1697 1270 1744 quum
1303 1696 1403 1728 non
1438 1695 1652 1743 quaeraS,
1696 1681 1811 1743 quid
1845 1682 2061 1739 dicatur,
2102 1682 2188 1729 sed
2222 1699 2330 1730 eam

209 1773 488 1833 primariam
522 1773 809 1818 sententiam
844 1773 993 1818 animi
1019 1772 1306 1830 substituas,
1339 1786 1369 1817 a
1402 1786 1497 1832 qua
1531 1772 1684 1817 oratio
1722 1777 1828 1817 orta
1862 1773 1940 1818 sit.
2008 1771 2195 1819 Verum
2230 1789 2329 1820 non

210 1861 505 1923 significatur
538 1860 599 1906 ab
631 1861 1008 1916 accusatoribus,
1042 1877 1247 1923 quorum
1276 1861 1345 1906 ibi
1372 1848 1525 1907 oratio
1559 1861 1806 1919 redditur,
1840 1860 1989 1908 alium
2017 1861 2328 1923 deligendum

207 1949 380 2011 fuisse3
411 1950 504 1996 hoc
532 1951 723 2009 dicunt,
754 1951 919 1996 mirari
954 1965 1032 2010 se,
1077 1966 1191 2004 cur,
1235 1950 1277 1995 si
1307 1964 1424 1995 uere
1458 1949 1635 1995 Suilius
1671 1966 1700 1995 a
1730 1948 1992 1996 Messalina
2026 1959 2217 1998 coactus
2251 1955 2329 2012 sit,

207 2042 453 2087 neminem
489 2038 635 2086 alium
668 2039 796 2086 idem
832 2037 993 2086 facere
1023 2039 1248 2102 coegerit,
1281 2053 1434 2100 eaque
1465 2039 1844 2100 interrogatione
1875 2040 1952 2099 id,
1985 2042 2114 2101 quod
2147 2040 2327 2089 Suilius

207 2129 269 2176 de
301 2145 354 2175 se
380 2130 584 2183 dixerat,
612 2128 786 2175 falsum
821 2144 926 2175 esse
959 2136 1209 2190 arguunt„
1250 2127 1454 2175 Causam
1488 2129 1637 2191 igitur
1667 2129 1918 2190 requirunt
1949 2131 2024 2176 rei
2059 2131 2327 2177 incredibi-

205 2217 291 2274 lis,
338 2235 446 2281 quse
479 2219 616 2266 Suilii
650 2217 933 2266 defensione
964 2220 1281 2266 continentur.
1348 2218 1539 2264 Deinde
1585 2217 1669 2265 alii
1709 2217 1803 2264 loci
1837 2234 1983 2265 omne
2015 2217 2136 2266 illud
2167 2218 2324 2266 artifi-

208 2309 336 2355 cium
369 2317 631 2370 respuunt,
680 2310 983 2371 apertissime
1021 2311 1214 2373 quidem
1247 2309 1550 2355 disiunctiuae
1583 2310 2009 2370 interrogationeS,
2060 2308 2214 2372 qualis
2249 2317 2324 2357 est

289 2502 326 2544 ι)
378 2498 455 2534 Csr.
472 2499 624 2544 Zumpt.
645 2500 664 2544 §
684 2499 767 2542 603,
789 2499 967 2536 Billroth.
989 2501 1007 2546 §
1025 2499 1094 2536 338
1110 2506 1203 2546 not„
1225 2498 1451 2535 Ramshorn.
1470 2497 1583 2544 5186,
1607 2498 1656 2542 11,
1675 2497 1698 2533 3
1718 2497 1739 2533 b
1756 2510 1792 2545 p.
1807 2510 1873 2547 799
1894 2507 1990 2544 sqq„
2013 2508 2062 2534 ne
2080 2498 2175 2535 alios
2197 2500 2323 2535 citem-

285 2570 327 2616 2)
380 2567 496 2616 Apud
509 2566 701 2615 Liv.111‚7
724 2569 800 2612 (ut,
824 2570 916 2606 totis·
932 2570 1075 2617 passim
1094 2568 1233 2605 castris
1244 2568 1408 2616 fremitu
1428 2573 1521 2608 otto,
1545 2568 1637 2616 quid
1652 2568 1690 2601 in
1706 2574 1816 2601 uasto
1837 2579 1884 2601 ac
1905 2569 2050 2602 deserto
2069 2576 2322 2615 agro—tem-

375 2642 449 2678 pus
467 2635 628 2665 tererent
640 2627 736 2673 ?—,
762 2631 874 2676 signa
893 2635 1041 2677 tepente
1063 2631 1327 2666 conuellerent)
1366 2629 1624 2672 interrogandi
1652 2628 1883 2672 significatio
1906 2633 2004 2664 inest
2025 2632 2065 2663 in
2092 2630 2222 2665 uerbis
2235 2630 2322 2676 fre-

380 2694 476 2727 mitu
496 2699 589 2726 orto.
634 2690 752 2726 Libro
774 2691 840 2734 VI,
862 2703 896 2727 c.
923 2692 969 2727 36
990 2700 1109 2737 ωιτη,
1133 2691 1237 2738 quod
1258 2690 1355 2726 nihil
1376 2689 1530 2735 oblique
1550 2687 1717 2724 refertur
1738 2697 1870 2736 praeter
1887 2693 2214 2735 interrogationes,
2240 2700 2319 2725 non

381 2753 507 2789 solum
525 2756 568 2789 in
588 2755 708 2800 prima
727 2755 937 2796 sententia,
963 2753 1028 2788 sed
1047 2756 1159 2788 etiam
1175 2756 1215 2788 in
1237 2751 1401 2787 secunda
1425 2753 1583 2785 retinuit
1601 2749 1761 2785 formam
1779 2754 2089 2796 interrogationis
2120 2752 2318 2797 pendentis

383 2816 446 2858 (ne
465 2817 551 2861 quia
568 2814 719 2862 placere
739 2813 854 2849 scribi
886 2816 1019 2860 malit).
1068 2814 1152 2849 Lib.
1181 2812 1389 2854 XXXVII,
1429 2813 1484 2856 15,
1515 2824 1529 2846 1
1564 2815 1797 2858 interpositae
1830 2815 1943 2847 initio
1975 2816 2158 2849 orationis
2188 2814 2319 2848 aliena·

380 2887 495 2912 uoces
520 2878 620 2924 Quid
642 2875 823 2913 tandem?
845 2887 924 2912 nou
942 2876 1161 2922 prohibent,
1180 2886 1257 2922 quo
1275 2877 1402 2910 minus
1419 2875 1541 2920 prima
1559 2878 1745 2910 sententia
1765 2873 1938 2922 pendeat.
