2608 3184
2220 66 2283 116 1³

221 222 440 268 manere,
473 213 530 255 ut
561 205 867 268 participium
900 211 1077 253 statum
1111 204 1320 268 aliquem
1353 205 1426 254 rei
1457 203 1716 268 significet,
1751 205 1983 262 uerbum,
2016 221 2129 255 eum
2162 214 2343 257 statum

219 313 350 346 nunc
378 313 495 346 esse.
564 296 666 343 Nec
697 296 827 343 enim
856 294 1056 348 Latinus
1080 311 1249 344 vsermo
1284 297 1583 359 praeteritum
1616 302 1808 358 tempus
1840 297 1913 344 rei
1945 305 2096 360 gestae
2129 306 2178 346 et
2211 315 2346 361 prae..

215 402 325 435 sens
370 388 443 434 rei
485 386 673 447 agendo
721 385 903 433 efleotae
947 394 996 434 et
1040 387 1278 434 manentis
1323 395 1439 433 nota
1485 385 1584 433 ulla
1623 387 1888 449 distinguit.
1968 387 2134 448 Quum
2182 397 2344 438 autem

204 475 376 538 fixum
402 474 518 535 fuit
553 476 754 530 dicitur,
788 493 938 523 unum
969 476 1289 537 significatur,
1320 477 1619 536 praeteritum
1654 482 1849 537 tempus
1882 479 1954 524 rei
1988 478 2173 524 effectae
2209 486 2259 525 et
2291 481 2342 526 in

215 572 346 613 statu
376 564 534 627 aliquo
573 568 839 621 manentis,
882 572 938 612 ut
970 566 1226 626 participio
1259 571 1439 622 status,
1472 565 1648 623 uerb0,
1691 581 1800 611 eum
1833 565 2008 627 fuisse,
2055 567 2342 616 declaretur.

213 653 381 716 Itaque
409 654 577 701 Cicero
611 671 701 716 pro
735 655 891 701 Sestio
925 662 1016 714 25,
1053 660 1143 713 55,
1177 669 1324 715 quum
1359 654 1502 700 dicit:
1551 651 1685 715 leges
1716 669 1868 716 quum
1900 671 2016 717 quoe
2048 655 2172 703 latae
2209 666 2341 717 sunt,

213 751 321 791 tum
347 758 478 804 vero,
510 759 623 809 quae
649 742 994 807 promulgatae
1019 740 1256 804 fuerunt,
1287 742 1404 790 alias
1436 749 1603 790 narrat
1635 742 1757 790 latas
1793 759 1911 804 esse,
1945 745 2063 793 alias
2096 746 2337 810 aliquam-

211 834 296 882 diu
329 834 656 896 promulgatas
689 834 975 894 pependisse
987 850 1003 893 3
1035 834 1087 880 in
1121 835 1340 880 oratione
1373 840 1533 880 autem
1569 847 1660 894 pro
1696 834 1867 893 domo,
1917 836 2063 882 modo
2098 852 2155 883 ea
2190 839 2337 884 Cice-

209 925 341 972 ronis
376 925 465 978 sit,
497 940 538 970 c.
570 929 665 977 43,
712 931 805 977 111
843 923 1090 970 scribitur:
1156 922 1282 970 Eius
1317 938 1417 969 non
1458 921 1605 984 longe
1639 939 1673 968 a
1714 924 1762 971 T
1755 923 1966 986 onagris
2010 924 2333 973 simulacrum

207 1028 237 1060 e
258 1026 506 1060 marmore
526 1012 579 1057 in
597 1010 825 1074 sepulcro
841 1012 1063 1076 positum
1073 1011 1219 1074 suit,·
1251 1024 1408 1075 neque
1431 1013 1559 1058 enim
1583 1021 1750 1060 narrat
1767 1015 1956 1075 signum
1978 1016 2191 1075 positum
2216 1032 2334 1074 esse,

206 1105 293 1152 sed
310 1104 379 1150 ibi
395 1101 549 1149 fuisse
568 1102 796 1165 (positum
813 1100 995 1164 fuisse).
1022 1104 1151 1153 Liuii
1175 1103 1340 1161 uerba,
1359 1118 1468 1164 quae
1489 1109 1604 1148 sunt
1628 1102 1737 1149 libri
1752 1103 1774 1148 1
1791 1120 1831 1149 c.
1852 1112 1913 1162 19
1938 1101 2055 1161 (Bis
2071 1104 2250 1151 deinde
2265 1130 2329 1141 —-

202 1192 403 1241 clausus
425 1190 540 1252 fuit
563 1193 748 1258 Ianus)
783 1192 945 1254 plures
980 1193 1133 1239 citant
1176 1200 1226 1239 et
1265 1199 1399 1238 recte
1436 1193 1505 1238 sic
1538 1192 1839 1254 intelligunt,
1890 1200 1945 1238 ut
1991 1194 2065 1240 bis
2100 1196 2329 1242 accidisse

201 1290 439 1343 narretur,
459 1290 514 1330 ut
534 1282 829 1345 aliquamdiu
850 1282 992 1330 Ianus
1009 1281 1197 1330 clausus
1216 1288 1449 1330 maneret.
1483 1281 1578 1329 Sed
1603 1299 1745 1345 quam
1768 1290 1954 1330 certum
1977 1286 2038 1331 sit
2057 1283 2325 1333 formarum

201 1375 480 1433 discrimen,
523 1389 585 1419 ex
617 1372 711 1419 illis
744 1372 873 1419 Liuii
905 1372 1023 1419 locis
1056 1379 1215 1434 patet,
1259 1374 1311 1418 in
1342 1371 1515 1433 quibus
1549 1372 1644 1418 hoc
1676 1372 1828 1420 altero
1863 1375 2008 1420 modo
2047 1375 2108 1420 de
2142 1391 2327 1422 monu-

198 1465 376 1512 mentis
407 1462 644 1525 loquitur,
693 1478 801 1526 quae
833 1461 925 1508 hac
957 1478 1055 1509 una
1088 1470 1204 1510 nota
1235 1461 1471 1524 significat
1504 1461 1760 1525 aliquando
1795 1462 1973 1510 alicubi
2005 1463 2185 1521 fuisse,
2235 1481 2322 1513 sua

197 1560 340 1601 aetate
373 1569 471 1599 non
505 1567 784 1612 superesse,
815 1550 949 1599 uelut
973 1550 1077 1610 VII,
1106 1561 1138 1606 3
1165 1551 1298 1612 (fixa
1322 1549 1437 1611 fuit
1459 1549 1580 1614 (lex)
1610 1552 1785 1597 dextro
1815 1552 1963 1597 lateri
1993 1552 2120 1599 cedis
2154 1554 2322 1615 Iouis)

198 1649 248 1690 et
268 1641 352 1701 VI,
375 1649 466 1701 29,
499 1640 610 1700 ubi,
645 1656 790 1702 quum
814 1641 883 1687 sic
917 1640 1056 1688 dicit:
1112 1640 1418 1689 Dedicatum
1452 1646 1547 1687 est
1580 1638 1791 1704 (signum
1830 1641 1956 1688 Iouis
1989 1641 2320 1706 Imperatonis)

193 1732 324 1781 inter
366 1730 544 1778 cellam
583 1729 723 1777 Iouis
764 1746 827 1777 ac
860 1725 1138 1787 Mineruae,
1194 1730 1466 1794 tabulaque
1511 1729 1601 1777 sub
1646 1746 1704 1777 eo
1738 1730 1880 1793 fixa,
1944 1741 2319 1781 monumentum

190 1837 360 1881 rerum
388 1827 670 1885 gestarum,
717 1818 795 1868 his
818 1818 992 1881 ferme
1025 1820 1180 1868 incisa
1212 1820 1393 1869 litteris
1417 1819 1469 1883 s
1472 1819 1568 1868 uit
1577 1854 1595 1878 ,
1647 1828 1813 1883 aperte
1859 1823 1929 1869 rei
1964 1821 2106 1870 factae
2140 1839 2319 1872 narra-

189 1916 372 1963 tionem
417 1928 446 1958 a
489 1912 949 1957 commemoratione
1002 1914 1327 1971 monumenti,
1391 1913 1519 1974 quod
1567 1911 1682 1958 olim
1725 1911 2019 1973 aliquamdiu
2076 1912 2160 1960 illo
2205 1913 2314 1961 loco

187 2002 380 2061 fuisset,
419 2003 523 2063 ipsa
556 1999 694 2047 uerbi
719 1999 877 2048 forma
912 2001 1174 2062 distinguit.
1242 2000 1425 2047 Eadem
1459 2002 1585 2048 ratio
1619 2008 1692 2048 est
1725 2000 1834 2048 libr.
1862 2000 2051 2062 XXIII,
2092 2010 2156 2063 19
2190 2011 2314 2051 extr.

187 2093 360 2153 (Idem
393 2090 566 2137 titulus
601 2089 759 2136 tribus
790 2089 946 2152 signis
976 2089 1029 2136 in
1062 2089 1173 2136 aede
1202 2090 1446 2137 Fortunae
1474 2088 1657 2152 positis
1680 2089 1825 2149 fuit
1854 2090 2124 2153 subiectus3
2176 2108 2310 2154 proe-

188 2183 338 2230 cedit:
392 2181 576 2229 Statua
609 2178 714 2227 eius
743 2177 921 2226 indicio
945 2176 1062 2239 fuit
1096 2180 1216 2240 (non
1249 2176 1368 2241 est),
1415 2180 1671 2227 Praeneste
1707 2179 1758 2225 in
1784 2178 1910 2240 foro
1938 2180 2158 2244 posita),
2200 2189 2305 2230 tum

183 2270 294 2320 libr.
346 2270 628 2329 XXXVIII,
682 2272 771 2328 56,
832 2277 886 2324 3:
955 2269 1091 2317 Nam
1145 2276 1195 2315 et
1235 2268 1437 2316 Literni
1474 2277 1842 2316 'nunumentum
1891 2278 2305 2334 monumentoque

181 2368 355 2410 statua
381 2358 768 2422 superimposita
792 2356 843 2419 f
842 2357 963 2419 uit,
995 2373 1147 2421 quam
1177 2366 1469 2421 tempestate
1494 2358 1735 2408 deiectam
1758 2375 1922 2422 nuper
1954 2360 2173 2407 uidimus
2195 2360 2307 2424 ipsi,

182 2468 278 2517 quo
319 2451 426 2499 loco
466 2448 588 2497 nihil
631 2454 791 2510 potest
833 2463 938 2494 esse
979 2451 1209 2510 apertius.
1292 2449 1394 2496 Nec
1438 2449 1642 2498 obscura
1690 2452 1781 2496 erit
1824 2452 1896 2496 uis
1939 2450 2082 2497 huius
2130 2449 2305 2498 formae

179 2552 314 2592 recte
358 2541 624 2590 attendenti
667 2541 718 2586 in
751 2537 875 2585 libro
909 2536 1200 2593 XXXVIII,
1246 2541 1338 2598 36,
1389 2547 1447 2593 3:
1516 2538 1817 2600 supplicatio
1863 2538 1916 2584 in
1949 2539 2172 2591 triduum
2201 2555 2303 2602 pro

178 2631 387 2694 collegio
419 2626 808 2676 decemuirorum
847 2626 1099 2689 imperata
1141 2625 1249 2684 fuit
1289 2626 1342 2671 in
1387 2627 1612 2673 omnibus
1657 2626 1910 2688 compitis3
1978 2644 2134 2690 neque
2170 2631 2300 2675 enim

174 2721 371 2769 Liuium
405 2718 684 2781 simpliciter
714 2731 912 2763 narrare
945 2715 1245 2780 imperatam
1287 2730 1395 2761 esse
1433 2715 1863 2777 supplicationem,
1911 2719 2027 2763 satis
2070 2724 2206 2778 patet
2237 2733 2300 2763 ex

177 2788 376 2861 adiectis
411 2810 573 2856 uerbis
622 2806 675 2853 in
708 2804 970 2867 compitis3
1027 2806 1121 2853 hoc
1167 2807 1311 2861 dicit,
1376 2805 1805 2867 supplicationem,
1856 2823 2000 2869 quam
2036 2807 2297 2853 decemuiri

174 2901 516 2963 imperassent,
565 2897 718 2946 fuisse
749 2897 800 2943 in
832 2895 1055 2942 omnibus
1089 2896 1326 2958 compitis.
1405 2893 1470 2942 At
1506 2894 1683 2957 legitur
1717 2901 1881 2942 tamen
1915 2896 2046 2957 apud
2088 2896 2293 2943 eundem
