2608 3184
2246 4 2307 54 ll

258 137 436 199 animo
467 153 756 199 obuersatur
800 152 861 198 ad
895 152 1160 199 orationem
1197 152 1505 199 uinciendam
1550 166 1648 199 non
1693 147 1916 213 generale
1952 144 2253 207 declarandi,
2296 150 2382 196 sed

259 240 467 303 speciale
498 240 1000 303 quaerendiuerbum,
1043 242 1121 290 cui
1156 243 1549 290 accommodetur
1593 235 1868 300 sententia).
1940 238 2071 285 Idem
2115 237 2251 297 xm,
2294 244 2382 292 42‘:

257 346 358 392 qua
395 329 649 391 sapientia
672 358 738 367 ——
759 340 834 377 ter
857 330 1035 377 millies
1069 332 1347 378 sestertium
1376 330 1705 395 parauisset?
1740 330 1866 375 Hist.¹
1894 325 1988 388 IV,
2026 334 2082 381 4:
2132 327 2178 374 si
2200 328 2389 390 priua—

257 426 337 464 tus
374 426 504 464 esset
512 451 529 475 ,
563 435 652 465 cur
677 421 878 482 publice
913 420 1238 483 loqueretur?
1295 421 1390 482 (Ad
1424 422 1552 468 hunc
1586 422 1745 467 locum
1781 420 1948 465 eadem
1986 420 2245 479 pertinent,
2276 434 2386 480 quae

259 509 319 572 de
353 506 477 555 Anu.
514 507 596 568 XI,
635 497 697 569 1⁵9
731 512 868 574 dixi).
937 508 1188 571 Singulare
1223 517 1295 555 est
1331 511 1378 555 in
1410 512 1564 569 prima
1599 524 1805 569 persona
1837 509 1964 567 apud
2001 508 2225 553 Tacitum
2259 507 2384 554 Hist.

256 596 339 655 IV,
359 605 446 651 28:
478 597 595 659 quin
622 599 796 659 potius
830 625 865 631 -
889 597 1200 642 exsoluerent
1229 597 1766 658 (quin-exsoluimus
1780 595 1830 656 2)
1851 596 1909 656 ¹).
1979 597 2034 643 In
2066 597 2179 642 Hist
2211 595 2295 655 IV,
2316 598 2382 655 69

262 688 422 748 (quod
453 695 604 749 caput
627 686 792 733 bello?
826 687 959 733 unde
981 685 1059 732 ius
1085 686 1466 749 auspiciumque
1494 685 1784 749 peteretur?
1814 701 1965 748 quam
1993 686 2158 732 sedem
2178 685 2386 748 imperio

259 774 508 838 legerent?
505 781 535 837 )
566 775 811 833 similiter,
851 783 905 821 ut
934 791 1079 836 supra
1112 777 1470 837 interrogandi,
1504 781 1571 822 sic
1603 776 1681 822 hic
1716 775 2012 822 deliberandi
2038 777 2171 822 notio
2207 791 2383 822 occur-

259 866 424 924 rebat,
492 864 624 909 nulla
681 867 986 924 praecedente
1042 866 1270 910 orationis
1319 865 1486 911 alienae
1539 881 1628 925 per
1679 865 1969 911 infinitiuum
2020 865 2185 911 relatae
2230 872 2382 926 parte.

259 954 463 1000 Prorsus
497 970 524 999 a
549 954 714 1015 regula
744 954 968 1014 deflectit,
1006 954 1133 1016 quod
1164 960 1239 999 est
1270 955 1400 1014 apud
1428 955 1620 1001 Liuium
1656 953 1716 1012 V,
1754 961 1808 1006 2:
1868 952 2121 1010 Quidnam
2154 952 2229 999 illi
2261 968 2384 999 con-

259 1043 393 1089 sules
435 1042 767 1089 dictatoresue
801 1042 1006 1103 facturi
1050 1042 1248 1089 essent?
1303 1043 1529 1090 Debebat
1570 1043 1805 1089 scribere:
1879 1042 2133 1099 Quidnam
2173 1042 2289 1088 illos
2319 1065 2381 1076 —

260 1130 491 1189 facturos
525 1131 666 1177 esse?
714 1133 1035 1193 Comparetur
1069 1134 1213 1179 modo
1247 1132 1375 1194 apud
1407 1133 1563 1192 ipsum
1600 1130 1738 1190 VIII,
1785 1138 1874 1185 31:
1946 1130 2082 1188 Quid
2115 1130 2256 1177 illum
2280 1128 2385 1190 fa·

262 1227 457 1267 ctutum
482 1219 689 1280 fuisse?
725 1229 773 1268 et
807 1240 846 1269 c.
884 1230 949 1276 33
986 1229 1107 1268 extr.
1135 1223 1325 1283 saepius.
1375 1220 1499 1267 Hoec
1534 1221 1681 1282 igitur
1716 1219 1937 1281 exempla
1972 1237 2000 1266 a
2032 1223 2189 1282 prima
2224 1219 2384 1267 forma

258 1313 500 1358 aberrant.
580 1312 835 1359 Deinde
870 1318 1029 1358 autem
1076 1313 1320 1358 rarissime
1365 1313 1509 1357 etiam
1544 1314 1594 1357 in
1630 1311 1840 1356 secunda
1880 1309 2087 1370 persona
2121 1313 2291 1372 primae
2335 1317 2385 1355 et

262 1401 418 1446 tertiae
451 1400 617 1460 regula
651 1408 889 1457 seruatur,
925 1409 981 1448 ut
1014 1400 1278 1448 infinitiuus
1313 1407 1536 1462 ponatur.
1588 1399 1666 1446 Sic
1696 1399 1858 1447 Livius
1881 1399 2036 1460 XLV,
2074 1409 2159 1461 19:
2206 1400 2385 1447 Utrum

258 1487 389 1534 enim
417 1497 619 1551 partem
649 1491 792 1551 regni
820 1489 1098 1552 petiturum
1116 1499 1223 1535 esse
1256 1505 1325 1535 an
1353 1497 1512 1535 totum
1546 1487 1867 1550 erepturum?
1903 1489 1971 1552 (id
2006 1497 2102 1536 est:
2130 1489 2386 1551 petiturus

259 1593 313 1623 es
325 1576 367 1640 Ρ)
402 1585 452 1624 et
487 1579 567 1639 VI,
605 1588 695 1639 39:
759 1579 885 1637 Quae
919 1593 1128 1625 munera
1157 1580 1359 1642 quando
1394 1579 1597 1624 tandem
1626 1577 1749 1623 satis
1779 1586 1932 1639 grato
1961 1579 2130 1625 animo
2161 1578 2387 1624 oestima-

261 1667 433 1713 turos?
480 1668 552 1731 (id
585 1676 671 1729 est,
704 1668 1067 1732 oestimabitis?)
1111 1670 1166 1716 In
1201 1670 1325 1716 libro
1356 1669 1427 1716 IV
1468 1679 1513 1714 ‘c.
1562 1675 1626 1722 43
1661 1669 1941 1729 ambiguum
1978 1677 2074 1725 est,
2103 1667 2385 1731 propulsa-—
2442 1735 2444 1738 .

259 1765 401 1802 turos
447 1765 611 1805 utrum
660 1758 1073 1822 propulsabimus
1131 1776 1192 1806 an
1236 1757 1601 1821 propulsabitis
1644 1758 1893 1819 significet.
1977 1758 2119 1820 Apud
2161 1759 2387 1804 Tacitum

262 1862 454 1910 quoque
484 1845 608 1894 Ann.
641 1848 677 1903 Ι,
715 1855 777 1902 17
812 1841 1015 1911 quando
1050 1846 1303 1894 ausuros?
1335 1854 1495 1909 potest
1528 1862 1656 1893 esse:
1693 1847 1895 1909 quando
1927 1846 2208 1895 audebitis?
2284 1867 2287 1870 ⁴

435 1936 638 1983 Error-es
680 1936 910 1984 leuiculos
945 1936 1252 1984 librariorum
1298 1943 1348 1982 et
1393 1938 1716 1997 interpretum
1756 1951 1855 1982 non
1901 1952 2106 1999 operose
2149 1936 2386 1998 colligam.

262 2024 407 2086 Apud
442 2026 680 2072 Caesarem
716 2027 772 2073 B.
806 2027 868 2074 G.
903 2026 977 2082 V,
1019 2034 1111 2086 29,
1143 2026 1228 2072 ubi
1261 2026 1444 2072 editur:
1509 2026 1665 2073 Cottae
1697 2025 1959 2072 consilium
2007 2042 2152 2088 quem
2184 2025 2388 2072 haberet

261 2114 483 2161 exitum?
516 2122 667 2176 patet,
695 2117 1000 2163 scribendum
1029 2130 1136 2162 esse
1168 2113 1365 2163 babere.
1433 2113 1588 2160 Recte
1617 2117 1763 2162 etiam
1794 2115 1829 2162 Ι.
1859 2117 1915 2163 F.
1943 2116 2223 2163 Gronouius
2255 2114 2389 2183 apud

260 2204 455 2252 Livium
487 2205 583 2264 IV,
616 2210 710 2265 44,
742 2214 806 2259 10
840 2207 1060 2268 corrigit:
1131 2204 1384 2266 Quidnam
1415 2202 1471 2250 id
1508 2202 1581 2249 rei
1613 2204 1757 2251 esse?
1804 2205 1972 2268 Neque
2007 2207 2138 2253 enim
2171 2207 2223 2254 in
2257 2205 2389 2251 hunc

259 2292 421 2341 locum
455 2294 583 2340 cadit
615 2293 713 2341 ulla
746 2296 982 2343 eiusmodi
1015 2295 1285 2351 excusatio,
1316 2292 1506 2356 qualem
1541 2295 1901 2356 reperiebamus
1935 2296 1987 2342 in
2020 2297 2103 2356 iis,
2135 2295 2215 2358 qui
2241 2292 2388 2356 paulo

263 2388 376 2430 ante
408 2383 555 2444 positi
586 2389 716 2429 sunt.
787 2385 969 2431 Contra
999 2385 1127 2431 idem
1160 2383 1453 2443 GronouiuS,
1489 2385 1580 2443 cui,
1616 2400 1763 2446 quum
1799 2384 1982 2430 nullam
2018 2385 2162 2431 huius
2194 2384 2386 2446 generis

262 2471 478 2535 regulam
510 2479 810 2539 sequeretur,
839 2473 1066 2535 exquisiti
1097 2472 1278 2534 aliquid
1310 2479 1360 2518 et
1385 2472 1577 2535 elegans
1603 2472 1873 2519 infinitiuus
1906 2473 2088 2521 habere
2116 2473 2388 2531 uidebatur,

263 2567 544 2623 corruptum
578 2560 682 2607 ibat
716 2560 844 2609 Livii
877 2560 1052 2621 locum,
1087 2562 1167 2623 qui
1204 2568 1278 2608 est
1312 2562 1363 2606 in
1398 2560 1481 2607 lib.
1508 2560 1571 2620 X,
1610 2569 1690 2616 13,
1722 2568 1812 2615 10:
1847 2561 1972 2624 quid
2005 2576 2125 2625 ergo
2155 2561 2389 2607 attineret

266 2650 402 2715 leges
425 2648 593 2711 ferri,
641 2649 894 2713 rogitans3
947 2649 1164 2698 malebat
1194 2650 1234 2696 is
1261 2648 1496 2710 attinere,
1545 2666 1702 2713 neque
1734 2650 1962 2700 Dukerus
1996 2659 2046 2700 et
2073 2650 2390 2700 Drakenbor-

265 2739 403 2789 chius
444 2740 803 2788 dissentiebant.
867 2740 1004 2789 Idem
1059 2738 1342 2787 *maluerunt
1384 2738 1570 2788 librarii
1611 2746 1662 2790 et
1697 2742 2011 2805 peruicerunt
2052 2744 2105 2791 in
2141 2740 2265 2790 libro
2303 2737 2386 2799 IV,

363 2890 397 2934 ι)
444 2888 555 2936 Vim,
582 2900 665 2938 quae
683 2889 801 2938 paulo
822 2896 909 2926 ante
934 2889 982 2927 de
1001 2889 1189 2938 particula
1212 2889 1301 2936 quin
1322 2888 1421 2926 dicta
1438 2895 1542 2929 sunt.

2088 2968 2127 2999 2.
