2608 3184
2170 45 2235 93 23

177 192 260 239 ubi
296 189 586 238 infinitiuum
613 192 951 275 ,ex-spectares,
998 202 1245 247 nunquam
1284 192 1448 235 tamen
1479 188 1575 233 nisi
1611 189 1861 247 praemisso
1898 186 2055 245 illud,
2103 188 2182 230 cui
2206 188 2300 232 ad-

175 275 390 343 iungitur
410 270 558 341 quod,
598 269 660 321 ὀί
665 261 906 336 sequente
935 276 1224 335 indicatiu03
1237 265 1430 325 deinde
1464 293 1581 339 uero
1601 277 1662 323 ab
1689 277 1927 322 Hadriani
1950 275 2054 345 fere
2079 282 2298 345 tempore

178 370 455 422 inualuisse,
484 371 540 423 ut
545 364 720 430 quod,
754 372 984 427 sequente
1006 366 1328 429 coniunctim),
1354 368 1496 414 initio
1532 383 1657 426 raro,
1691 372 1860 427 postea
1893 366 2068 426 saepius
2099 380 2296 425 prorsus

175 476 266 522 pro
302 456 538 517 sententia
559 454 744 519 iufiuita
769 462 1035 516 poneretur
1044 470 1059 515 3
1082 456 1238 515 prima
1262 457 1390 502 enim
1415 463 1545 504 certa
1568 458 1841 503 testimonia
1862 456 2081 502 Suetonii
2106 454 2222 517 (Tit.
2246 454 2297 515 8)

174 558 226 603 et·
252 548 388 596 Flori
419 551 545 606 sunt.
613 544 797 593 Plinius
830 543 1020 603 Minor,
1055 545 1182 610 quod
1214 545 1497 593 adnotatum
1533 563 1630 608 nou
1664 543 1837 610 reperi,
1875 547 1924 593 in
1956 546 2107 608 Epist.
2145 545 2201 606 11,
2233 555 2294 600 11

177 639 318 705 quod
341 638 499 700 posuit
532 621 763 698 sequente
795 634 1057 681 indicatiuo
1090 650 1179 680 nec
1213 641 1376 680 tamen
1410 637 1714 696 praecedente
1754 636 1896 683 illud.
1980 636 2074 683 Uel
2115 638 2181 683 sic
2220 644 2298 682 tn-

175 746 287 778 men
322 733 486 775 manet
519 726 777 787 uestigium
812 726 990 771 ueteris
1026 723 1275 784 particulae
1311 740 1454 784 usus3
1483 740 1645 787 neque
1676 728 1802 772 enim
1838 728 1918 788 qui
1946 727 2161 786 scripsit:
2196 726 2297 772 ad-

174 827 496 881 notatumque
526 813 884 878 experimentis,
917 814 1058 876 quod
1082 812 1252 873 fauor
1283 821 1333 860 et
1367 813 1708 860 misericordia
1741 830 1883 860 acres
1906 816 2101 878 primos
2132 815 2295 878 impe-

177 918 259 957 tus
290 908 497 966 habent,
538 907 587 953 id
624 912 717 950 est:
777 905 1023 949 adnotata
1055 918 1137 958 res
1165 903 1257 949 illa
1287 911 1407 950 nota
1443 911 1492 949 et
1530 920 1665 966 soepe
1697 904 1862 964 dicta,
1903 906 2032 950 idem
2067 908 2297 953 continuo

177 1002 442 1061 scripturus
478 1002 582 1044 erat
616 995 785 1041 etiam:
821 993 930 1040 dico
965 996 1067 1040 siue
1100 993 1263 1051 uiden,
1291 994 1427 1057 quod
1451 994 1524 1040 ita
1560 994 1637 1054 sit,
1672 994 1921 1058 multoque
1943 996 2130 1042 minus:
2165 999 2300 1059 quod

176 1090 250 1138 ita
278 1097 366 1138 est.

565 1332 685 1396 vt.
776 1331 884 1393 De
933 1329 1165 1395 formis
1212 1329 1591 1416 imper-atini
1636 1331 1904 1418 passini.
1946 1415 1948 1417 v

353 1532 430 1581 Ad
465 1540 765 1592 extremum,
818 1540 871 1579 ut
903 1535 1030 1594 ipsas
1062 1532 1245 1580 formas
1278 1533 1540 1578 uerborum
1576 1535 1838 1595 attingam,
1878 1550 1977 1581 non
2014 1551 2172 1582 meum
2216 1538 2297 1583 in-

178 1632 377 1672 uentum
421 1640 713 1685 proponam,
782 1626 867 1670 sed
910 1625 1121 1670 alienum
1163 1623 1458 1670 confirmabo
1508 1631 1558 1670 et
1602 1625 1922 1685 amplificabo.
2024 1626 2294 1674 Duodecim

177 1717 305 1763 enim
341 1716 455 1760 anni
486 1721 615 1769 sunt,
652 1731 797 1776 quum
833 1715 1121 1775 KrarupiuS,
1154 1716 1334 1760 amicus
1371 1729 1524 1771 meuS,
1558 1713 1765 1760 formam
1797 1731 1918 1774 eam,
1953 1732 2061 1777 quae
2096 1718 2146 1762 in
2182 1733 2294 1762 om-

177 1804 321 1852 nibus
368 1806 693 1867 grammaticis
749 1806 973 1851 secundae
1029 1820 1248 1866 personae
1311 1802 1486 1865 plurali
1554 1802 1709 1851 futuri
1768 1806 2042 1866 imper-atini
2113 1809 2293 1868 passiui

178 1894 434 1950 ascribitur
469 1894 785 1956 (amaminor,
817 1893 1144 1950 hortaminor,
1176 1892 1491 1955 uereminor)‚
1526 1896 1723 1958 negauit
1742 1894 1889 1941 ullam
1914 1895 2094 1943 habere
2123 1903 2297 1943 aucto-—

174 1987 381 2033 ritatem.
465 1984 567 2030 Nec
599 1991 760 2031 tamen
793 1991 958 2045 postea
993 1986 1242 2046 quisquam
1279 1990 1364 2029 aut
1395 1998 1501 2029 eam
1536 1983 1746 2031 formam
1781 1985 1974 2032 sustulit
2006 1993 2092 2032 aut
2124 2001 2296 2033 exem-

173 2075 309 2138 plum
339 2075 516 2120 ueteris
549 2075 796 2134 scriptoris
831 2074 1040 2134 addidit3
1105 2087 1218 2118 nam
1252 2073 1349 2118 duo
1383 2072 1464 2119 illa
1494 2072 1739 2133 Plautina,
1778 2090 1885 2136 quae
1920 2074 2291 2124 Ruddimannus

174 2172 224 2212 et
256 2165 551 2225 antiquiores
583 2162 788 2222 habent,
831 2178 1021 2208 summo
1055 2163 1160 2208 iure
1194 2161 1468 2224 Krarupius
1502 2164 1692 2217 reiecit,
1747 2163 1951 2209 alterurn
1995 2180 2058 2210 ex
2090 2164 2294 2227 Epidico

173 2255 240 2310 V,
266 2262 310 2312 2,
346 2261 427 2312 30,
461 2253 545 2298 ubi
579 2252 775 2313 pluralis
800 2252 918 2298 ferri
952 2251 1086 2298 nullo
1120 2253 1266 2298 modo
1301 2259 1484 2312 potest,
1519 2254 1706 2297 codices
1736 2259 1900 2298 autem
1936 2252 2119 2300 habent
2150 2254 2289 2300 arbi·

176 2351 312 2388 trare
347 2357 504 2401 nunc,
536 2357 598 2388 ex
632 2359 728 2404 quo
761 2343 816 2387 fit
859 2340 1217 2396 arbitraminO,
1262 2341 1467 2387 alterum
1504 2356 1566 2387 ex
1599 2342 1841 2388 Pseudolo
1872 2342 1951 2398 111,
1986 2350 2033 2402 2,
2068 2349 2159 2404 70,
2206 2345 2290 2392 ubi

174 2434 280 2480 haec
312 2431 562 2493 leguntur:
627 2431 684 2479 Si
716 2446 813 2495 quo
848 2431 928 2477 Izic
960 2426 1235 2495 spfctahit,
1298 2446 1355 2476 eo
1397 2437 1462 2477 tu
1506 2437 1732 2493 spectato
1760 2430 1912 2478 simul
1918 2446 1938 2489 ‚·
2002 2431 2047 2478 si
2082 2448 2179 2496 quo
2213 2433 2292 2481 Izic

170 2522 459 2587 gradietur,
485 2521 686 2583 pariter
710 2520 1132 2584 progrediminor.
1210 2522 1276 2567 Et
1307 2520 1491 2567 habent
1519 2523 1708 2567 codices
1733 2522 2126 2585 progrediminO.
2198 2523 2291 2570 At-

173 2630 268 2677 que
304 2615 372 2660 sio
411 2611 501 2658 hos
533 2611 664 2659 locos
697 2612 977 2659 scribendos
1007 2627 1133 2672 esse,
1194 2613 1318 2658 uidit
1356 2614 1503 2659 etiam
1545 2611 1898 2659 Ramshornius
1941 2629 1989 2675 p.
2027 2619 2148 2673 143,
2207 2616 2292 2660 sed

172 2705 289 2768 quid
323 2703 437 2750 inde
470 2710 780 2765 sequeretur,
812 2718 910 2758 non
945 2704 1083 2750 uidit.
1158 2702 1281 2750 Illud
1314 2704 1470 2759 addo,
1502 2704 1654 2763 ipsam
1688 2702 1898 2750 formam
1932 2707 2120 2752 ratione
2154 2721 2293 2752 care-

171 2809 226 2841 re
238 2811 253 2855 3
314 2808 471 2856 neque
505 2794 633 2839 enim
672 2808 875 2854 usquam
907 2794 959 2839 in
993 2792 1169 2839 Latino
1200 2808 1425 2839 sermone
1457 2791 1593 2838 litera
1625 2805 1654 2836 r
1692 2791 1982 2851 pluralitatis
2018 2795 2166 2840 index
2204 2804 2290 2840 est.

172 2883 272 2944 Qui
307 2882 650 2947 etymologiam
682 2884 817 2946 sequi
851 2882 1010 2939 uolet,
1042 2885 1111 2930 sic
1146 2884 1488 2945 imperatiuum
1522 2884 1765 2944 passiuum
1803 2884 2067 2930 ordinabit:
