2608 3184
303 16 370 66 18

228 157 411 218 XXVI,
445 157 526 218 26,
561 161 622 218 7,
681 155 907 215 XXVIII,
953 153 1031 215 16,
1064 160 1125 210 2,
1191 153 1377 221 XXXI,
1397 195 1400 200 .
1421 161 1469 215 7,
1502 164 1561 215 3,
1611 155 1842 211 »ΧΧΧῚΒ
1882 165 1929 215 1,
1961 164 2018 216 3,
2087 156 2367 217 xxxv-3111,

231 257 311 310 31,
338 257 393 310 3,
428 247 536 308 XL,
573 249 653 309 56,
684 253 731 303 7.
800 246 956 294 Nemo
988 261 1085 292 non
1115 245 1249 292 uidet
1282 246 1332 292 in
1368 244 1493 292 libro
1529 245 1659 307 XLI,
1688 253 1767 306 24,
1794 252 1843 302 4,
1878 248 1961 295 ubi
1998 249 2178 296 editur:
2227 247 2363 295 diui-

230 346 322 385 nat
356 337 535 398 etiam,
573 353 686 402 quoe
711 329 903 398 futura
929 333 1173 395 fuerant,
1208 333 1250 382 si
1286 334 1557 397 Philippus
1592 336 1817 397 uixisset,
1851 352 1988 400 aeque
2023 354 2227 401 prauum
2266 351 2371 384 esse

232 438 423 490 tempus
457 445 513 475 ac
533 431 730 475 modum
755 428 920 486 uerbi,
953 426 1308 489 legendumque
1334 425 1755 488 futurafuerint,
1790 430 2194 491 quemadmodum
2226 429 2371 492 paulo

232 527 345 581 post
377 519 703 580 Kreyssigius,
737 520 906 577 codici,
939 519 1126 578 opinor,
1159 519 1449 580 obsequens,
1480 519 1655 566 edidit:
1690 535 1781 566 nec
1815 517 2044 581 (scimus),
2079 519 2204 582 quid
2235 519 2365 567 Plu·-

234 610 433 673 lippus,
478 609 522 654 si
554 608 783 664 uixisset,
819 607 1065 667 facturus
1090 606 1140 666 f
1142 608 1332 667 uerit,
1377 625 1466 669 pro
1505 625 1589 668 eo,
1646 611 1774 671 quod
1810 609 2067 668 edebatur,
2103 608 2302 667 fuerat.
2325 610 2367 670 ¹)

236 698 777 761 Plusquamperfectum
824 698 892 745 ibi
927 698 1123 743 demum
1170 696 1328 743 locum
1377 698 1548 758 habet,
1609 700 1694 745 ubi
1741 701 1978 746 sententia
2023 701 2370 760 interrogatiua

235 790 418 850 pendet
463 806 491 836 a
528 790 763 849 praeteriti
809 787 1043 846 temporis
1089 785 1270 845 uerb03
1336 788 1405 833 ibi
1453 790 1581 834 enim
1626 796 1827 849 propter
1867 804 2169 854 communem
2212 789 2368 850 legem

237 878 345 926 hoec
376 877 561 926 forma:
596 876 714 933 scic,
749 876 872 939 quid
893 872 1139 934 facturus
1163 872 1349 933 fuerit,
1384 878 1556 923 transit
1588 878 1639 923 in
1673 877 1825 924 hanc:
1861 876 2086 937 sciebam,
2121 879 2244 942 quid
2266 877 2372 939 sa-

240 976 412 1016 cturus
446 975 606 1026 easet3
658 968 756 1015 uid.
791 966 899 1013 Liu.
932 963 1166 1024 XXVIII,
1202 970 1281 1024 24,
1318 974 1348 1020 2
1385 973 1434 1013 et
1466 965 1749 1026 XXXVIII,
1780 970 1862 1028 46,
1896 971 1927 1022 6
1963 969 2069 1032 (ubi
2102 972 2152 1017 in
2186 971 2369 1018 admo-

240 1067 389 1105 nente
423 1059 542 1105 latet
575 1055 908 1114 admonebat).
981 1055 1132 1101 Libro
1155 1055 1400 1117 XXXVI,
1436 1059 1502 1112 56
1534 1056 2061 1119 plusquamperfectum
2084 1062 2259 1108 dicitur
2280 1078 2370 1109 suo

239 1164 400 1207 sensu,
428 1164 541 1195 non·
564 1147 907 1193 condicionali:
942 1144 1164 1204 fuerant
1194 1145 1344 1208 (ante)
1374 1145 1655 1209 accepturi,
1696 1149 2030 1195 coniunctiuus
2076 1166 2139 1196 ex
2185 1153 2370 1198 oratio-

242 1240 319 1285 nis
354 1239 582 1284 uniuersa
614 1236 773 1283 forma
805 1234 1133 1296 hypothetica.
1210 1235 1377 1295 Patet,
1426 1240 1619 1298 opinor,
1669 1251 1841 1282 uerum
1876 1253 2007 1294 esse,
2066 1241 2194 1301 quod
2229 1243 2368 1289 initio

242 1330 412 1389 posui3
477 1344 568 1374 nec
599 1325 833 1372 dubitabo
864 1326 913 1370 in
948 1341 1070 1383 une,
1110 1326 1192 1386 qui
1227 1325 1411 1385 obstat,
1453 1327 1697 1372 Ciceronis
1733 1326 1840 1372 loco
1877 1328 1956 1390 (de
1990 1328 2204 1375 Diuinat.
2238 1331 2294 1388 II,
2324 1338 2371 1389 8,

242 1426 334 1471 21:
382 1425 498 1475 aut,
535 1414 578 1461 si
601 1413 753 1474 fato,
788 1412 987 1458 etiamsi
1018 1412 1406 1474 obtemperasset
1439 1414 1707 1477 auspiciis,
1740 1415 1870 1461 idem
1904 1425 2198 1463 euenturum
2223 1419 2372 1478 fuis-

245 1505 352 1569 set,)
385 1507 694 1554 librariorum
731 1504 1051 1550 temeritatem
1090 1519 1316 1549 accusare
1351 1508 1680 1566 scriptumque
1701 1521 1728 1550 a
1749 1506 1981 1552 Cicerone
2015 1514 2187 1568 putare
2211 1508 2338 1569 suit.

312 1685 432 1749 lv.
521 1681 868 1749 Particula
914 1705 1067 1745 num
1115 1703 1252 1745 non
1297 1679 1570 1768 ponitur
1614 1680 1683 1745 in
1729 1660 1955 1770 priore
1999 1688 2301 1752 membro

781 1793 1336 1880 interrogationis
1407 1794 1841 1859 disiunctiuae.

301 2018 303 2020 V
423 1952 581 1997 Uetus
618 1957 694 1996 est
721 1966 878 2010 error,
913 1952 1041 2012 quod
1075 1966 1193 1995 num
1230 1952 1634 2012 quemadmodum
1663 1958 1832 1999 utrum
1839 1986 1859 2010 ‚
1893 1970 2182 2018 quamquam
2217 1959 2372 2003 rarius

243 2053 328 2095 aut
362 2059 475 2091 cum
510 2041 608 2087 leui
638 2042 999 2102 significationis
1034 2039 1367 2097 inclinatione,
1432 2042 1484 2086 in
1529 2043 1691 2100 priore
1731 2045 1950 2090 membro
1984 2048 2371 2106 interrogationis

246 2133 551 2183 disiunctiuae
585 2131 702 2191 poni
735 2132 959 2189 traditur,
975 2128 1021 2191 2)
1067 2129 1310 2175 tollendus
1345 2128 1617 2189 aliquando-
1718 2131 1843 2178 Nam
1878 2133 1959 2179 illa
1992 2135 2229 2195 particula
2266 2142 2369 2181 tota

244 2231 419 2272 natura
453 2236 541 2266 sua
574 2222 625 2266 in
661 2236 757 2266 una
793 2227 843 2266 et
874 2219 1080 2281 simplici
1115 2219 1493 2279 interrogatione
1529 2218 1691 2264 sedem
1722 2219 1899 2282 habet3
1943 2225 2027 2270 sed
2062 2223 2236 2271 fefellit
2268 2239 2366 2281 eos,

246 2316 327 2377 qui
360 2313 572 2374 primum
607 2311 676 2356 ita
707 2316 1068 2371 praeceperunt,
1127 2308 1257 2371 quod
1287 2306 1491 2368 simplici
1527 2309 1890 2371 interrogationi
1926 2328 2011 2374 per
2043 2330 2163 2360 num
2197 2316 2367 2376 positae

339 2531 374 2573 ι)
424 2526 541 2573 Apud
567 2524 787 2561 LucretIum
811 2524 861 2567 V,
889 2525 977 2561 1342
1010 2523 1290 2561 Wakefieldius
1315 2529 1354 2558 et
1377 2521 1563 2568 Forbiger
1593 2522 1815 2564 ediderunt:

776 2586 842 2622 sed
870 2590 939 2622 uix
967 2587 1145 2631 adducor,
1169 2592 1212 2621 ut
1237 2591 1324 2620 ante

599 2648 688 2683 Non
713 2651 883 2694 quierint
906 2654 1031 2684 animo
1058 2649 1274 2694 praesentire
1300 2652 1414 2690 atque
1440 2645 1585 2692 uidere,

600 2707 726 2755 Quam
752 2722 953 2745 commune
982 2711 1124 2746 malum
1150 2708 1262 2743 fieret
1287 2707 1520 2751 foedumque
1544 2707 1730 2745 futurum.

418 2770 637 2807 Monstrum
660 2779 717 2807 est
733 2771 789 2817 fit
801 2771 1003 2819 futurarm
1028 2769 1273 2807 scribendum
1296 2774 1445 2804 autem:
1494 2769 1612 2816 Quam
1638 2782 1822 2808 commune
1847 2771 1984 2807 malum
2003 2771 2128 2819 suerit
2141 2771 2371 2824 foedumque

413 2832 604 2879 futurum.

337 2903 374 2947 π)
423 2901 541 2938 Velut
567 2900 668 2948 apud
695 2900 850 2947 Zumpt.
875 2901 893 2946 §
919 2900 1001 2946 354,
1033 2896 1257 2935 Ram-horn.
1283 2908 1321 2943 p.
1350 2910 1416 2945 7¹7
1440 2906 1528 2936 cett.
