2608 3184
304 62 373 114 20

237 208 345 269 lege
398 210 448 251 et
490 219 629 251 more
674 205 838 250 datum
887 207 989 265 ipse
1037 206 1116 250 die
1162 203 1275 248 xmo
1323 205 1446 253 Iunii
1504 206 1625 251 hora
1652 204 1766 252 xu*
1813 206 1866 252 in
1921 204 2033 251 'tuln
2073 202 2387 261 academiea‚⁴

237 295 406 342 habita
439 295 573 354 prius
610 296 826 339 oratione
867 296 927 339 de
951 292 1090 352 fatis
1129 291 1430 340 rector-aleam
1448 293 1721 341 academici
1758 308 1856 356 per
1897 292 2213 356 superiorem
2241 293 2373 340 uni-³

240 381 495 432 uersitatis
530 389 718 428 nostrae
763 389 992 441 (etatem,
1048 382 1268 428 sollemni
1301 384 1409 429 ritu‘
1432 384 1758 430 uniuersitatis
1778 390 1972 429 -nostrae
2011 386 2062 430 iu
2091 384 2372 444 proximum

244 489 426 521 annum
457 477 696 518 rectorem
733 472 1032 517 renuntiabit
1066 478 1115 516 et
1150 470 1335 516 ciuibus
1358 473 1644 518 academicis
1666 472 2039 519 commendabit.
2068 507 2072 512 .
2101 472 2209 517 Erit
2231 471 2273 516 is
2295 471 2378 516 uir>

242 576 431 610 summe
456 560 748 608 uenerabilis
770 557 1199 613 HENRIG
1209 556 1324 612 Us
1363 558 1729 614 NlcomA
1743 557 1859 613 US
1887 557 2071 613 GLA
2085 555 2373 617 USEM·

244 651 527 713 Theologiae
548 650 736 698 Doctor
769 657 818 696 et
837 649 1091 697 Professor
1126 649 1429 709 Ordinarius,
1464 651 1664 698 Ordinis
1686 651 2011 712 Dauebrogici
2047 651 2225 713 Eques.

424 739 553 787 Ante
585 748 751 787 tamen
789 756 933 802 quam
970 741 1251 801 magistratu
1281 739 1436 786 abibit
1471 742 1735 803 superioris
1767 743 1880 787 anni
1914 746 2098 800 rector,
2162 739 2375 785 iucundo

246 832 480 894 fungetur
514 845 717 876 munere
752 831 953 890 praemia
985 832 1041 875 iis
1077 829 1262 875 ciuibus
1291 830 1541 889 tradendi,
1574 832 1655 892 qui
1683 845 1742 875 ea
1770 832 1821 876 in
1857 833 1932 877 sui
1958 831 2078 876 vanni
2110 828 2377 874 certamin'e

244 922 461 969 literario
500 925 796 965 meruerunt.
875 918 1113 965 Vicerunt
1158 925 1320 965 autem
1377 921 1429 966 in
1474 920 1714 983 medicina
1757 919 2026 981 Adolplms
2079 917 2380 971 Hannouer,

250 1012 376 1058 stud.
421 1010 549 1055 med.
595 1015 645 1054 et
698 1008 931 1069 chirurg.‚
992 1010 1042 1053 in
1095 1007 1358 1070 philologia
1397 1008 1596 1056 Paulus
1639 1010 1897 1071 Hagerup
1951 1007 2196 1071 Tregder,
2251 1007 2379 1053 stud.

248 1099 507 1161 philolog„
539 1100 590 1144 in
620 1097 824 1144 historia
857 1096 1158 1143 Fre-clericus
1185 1096 1516 1160 Eginlzardus
1540 1097 1802 1148 Amadeus
1835 1098 2059 1153 Schiern,
2093 1098 2222 1144 stud.
2247 1097 2379 1155 iuris,

249 1194 302 1238 in
334 1189 538 1236 historia
570 1187 780 1234 naturali
813 1187 1110 1234 Ludouicus
1150 1187 1393 1248 Olufsen,
1438 1190 1575 1236 caud.
1607 1188 1837 1251 philolog.
1871 1196 1921 1235 et
1951 1186 2224 1250 philosoph.

428 1278 560 1325 Huic
600 1280 866 1324 conuentui
904 1285 960 1324 ut
1001 1285 1051 1324 et
1096 1279 1228 1324 ciues
1272 1279 1533 1325 academici
1566 1285 1617 1325 et
1651 1281 1734 1341 qui
1767 1294 1830 1325 ex
1862 1280 1996 1324 omni
2016 1278 2200 1324 ‘ordine
2221 1277 2379 1324 ,rebus

250 1368 429 1416 nostris
473 1366 668 1427 fauent,
725 1366 1005 1428 frequentes
1057 1368 1290 1414 interesse
1332 1366 1510 1422 uelint,
1571 1369 1764 1415 inuitati
1802 1368 2056 1429 rogatique
2099 1366 2174 1412 his
2222 1365 2384 1419 literis

252 1464 411 1504 sunto.

619 1596 733 1644 Dat.
768 1596 978 1644 Hauniae
1018 1599 1063 1644 d.
1099 1597 1270 1643 XXXI
1302 1596 1421 1643 Maii
1457 1611 1500 1642 a.
1533 1594 2011 1644 MDCCCXXXVII.

481 1844 681 1918 SUB
752 1845 1195 1917 SIGILLO
1269 1843 2151 1918 UNIUERSITATIS.
