2608 3184
324 10 360 58 8

241 134 492 215 tempore.
595 153 734 213 Quid
763 154 1025 216 facerem?
1054 167 1057 171 ·
1087 156 1163 205 fit:
1218 153 1357 220 Quid
1376 154 1619 218 fuceret?
1688 157 1815 218 Quis
1847 156 2060 208 credat?
2126 159 2203 208 fit:
2258 159 2384 219 Quis

260 240 520 288 crederet?
540 242 582 306 ¹)
639 244 868 310 Alioquin
899 249 1028 294 enim
1063 263 1145 308 ea,
1192 264 1300 311 quae
1333 249 1386 295 in
1418 249 1726 296 coniunctiuo
1762 257 1860 309 est,
1893 250 2175 313 significatio
2205 252 2386 312 periret

264 347 355 380 nec
390 332 646 395 quicquam
682 337 935 385 interesset
967 338 1096 386 inter
1128 336 1393 401 simplicem
1428 338 1853 402 interrogationem
1900 344 1952 387 et
1985 339 2319 391 dubitatiuam.

436 421 560 472 Haec
593 432 851 488 praecepta,
880 434 937 475 ut
968 430 1223 490 perspicua
1258 434 1384 488 sunt,
1415 429 1484 476 ita
1517 445 1637 478 uera
1668 445 1774 476 esse
1781 461 1800 485 ,
1827 427 1904 475 his
1937 430 2172 492 exemplis
2206 430 2387 479 confir-

257 513 495 572 mabitur,
530 532 637 580 quse
667 532 729 587 ex
761 516 927 579 Livio,
960 518 1175 579 Caesare,
1217 518 1388 565 Tacito
1415 516 1613 582 collegi3
1681 519 1810 582 apud
1843 517 1971 566 solos
2004 518 2260 569 historicos
2296 537 2385 570 cur

255 603 351 652 hoc
381 622 532 669 genus
562 605 791 669 frequens
829 609 917 667 sit,
954 610 1071 657 satis
1105 615 1326 671 apertum
1361 614 1449 659 est.

435 694 501 746 A.
538 704 583 751 1.
649 695 831 745 Primae
875 713 1125 761 personae:
1187 698 1264 746 Ex
1298 696 1449 746 Livi
1460 712 1517 745 o:
1580 697 1697 760 VII,
1753 705 1843 755 18:
1908 697 2044 757 Quid
2099 713 2153 746 se
2200 699 2387 758 uiuere,

255 784 379 847 quid
410 784 463 831 in
495 793 649 848 parte
684 786 869 834 ciuium
906 787 1120 843 censeri,
1174 787 1219 834 si
1262 786 1353 835 &c.
1392 784 1505 849 (hoc
1538 794 1637 835 est:
1690 787 1816 851 quid
1843 788 2056 835 uiuimus
2070 787 2140 850 ?);
2202 788 2387 850 XXVI,

257 884 347 930 35:
424 878 560 924 Nam
592 878 724 923 unde
762 886 1041 940 paraturos
1074 878 1287 925 nauales
1326 876 1521 926 socios?
1579 875 1895 941 (parabimus
1908 877 1962 941 ?)
2016 879 2250 940 XXVIII,
2295 884 2384 934 24:

256 965 382 1028 quid
413 983 518 1013 sese
552 966 684 1013 inter
708 976 923 1029 pacatos
950 966 1170 1029 facere?
1221 983 1313 1016 cur
1343 968 1396 1016 in
1428 967 1638 1016 Italiam
1672 985 1773 1016 non
1806 968 1978 1017 reuehi
1994 967 2020 1016 ?
2065 968 2214 1032 (quid
2235 966 2386 1029 faci-

252 1056 400 1102 mus?
428 1071 518 1103 cur
538 1072 638 1102 non
665 1057 951 1105 reuehimur
961 1058 1012 1120 Ρ)
1044 1059 1277 1119 XXXIV,
1314 1067 1399 1113 11:
1433 1074 1532 1122 quo
1555 1058 1689 1106 enim
1709 1074 1764 1106 se
1791 1085 1859 1095 —
1882 1056 2080 1105 ituros?
2117 1057 2378 1124 (ibimusP)

253 1148 354 1195 ibd.
389 1155 476 1203 33:
539 1145 718 1209 quibus
751 1148 868 1196 aliis
903 1149 1057 1212 copiis
1077 1176 1147 1186 —-
1169 1148 1351 1197 bellum
1380 1146 1650 1212 gesturos?
1681 1146 1971 1213 (geremus-P
2013 1150 2056 1196 si
2083 1148 2270 1211 geretis
2314 1151 2386 1198 si-

251 1237 584 1300 gnificaretur,
621 1245 772 1298 esset,
806 1239 977 1287 saltem
1003 1241 1065 1287 ad
1093 1240 1334 1302 regulam,
1363 1239 1558 1302 gesturi
1588 1238 1794 1287 essent?
1847 1241 1909 1286 de
1943 1241 2118 1286 omisso
2152 1240 2385 1287 reflexiuo

251 1326 341 1375 cfr.
370 1327 557 1382 XXVI,
590 1333 656 1382 35
691 1335 741 1375 et
766 1329 969 1376 Caesaris
1000 1337 1051 1377 et
1071 1330 1230 1377 Taciti
1257 1329 1424 1394 locos.)
1496 1329 1575 1376 Ex
1608 1330 1890 1378 Coesare:
1923 1327 2047 1375 Bell.
2074 1327 2201 1376 Gall.
2225 1328 2261 1388 Ι,
2298 1333 2385 1384 14;

255 1415 408 1474 Quod
443 1415 487 1463 si
518 1423 712 1464 ueteres
743 1417 1068 1466 contumelias
1102 1417 1325 1465 obliuisci
1357 1417 1534 1479 uellet,
1589 1433 1711 1464 num
1736 1416 1889 1464 etiam
1930 1415 2199 1464 recentium
2246 1415 2384 1464 iniu-

248 1505 444 1553 riarum
478 1505 768 1553 memoriam
802 1508 1050 1570 deponere
1074 1506 1264 1571 posse?
1297 1508 1370 1570 (si
1397 1507 1539 1566 uolo,
1571 1533 1641 1544 —
1659 1504 1942 1570 possumP).
2015 1507 2093 1554 Ex
2137 1505 2384 1555 Tacito.-

248 1593 378 1645 Hist.
408 1597 453 1658 Ι,
488 1604 576 1653 5οε
612 1596 763 1646 Nunc
785 1613 886 1661 pro
919 1597 1111 1647 Othone
1132 1614 1201 1646 an
1216 1613 1319 1662 pro
1354 1596 1554 1646 Uitellio
1572 1598 1625 1645 in
1647 1596 1839 1661 templa
1870 1594 2064 1645 ituros?
2110 1594 2377 1662 (ibimusP)

249 1688 309 1749 ΙΙ,
338 1696 427 1743 20;
460 1705 529 1735 an
555 1689 982 1752 oppugnationem
1006 1688 1325 1737 inchoaturos
1341 1690 1582 1752 adempto
1602 1688 1738 1736 omni
1751 1686 2061 1752 prospectu?
2096 1687 2385 1749 (inchoabi-

248 1792 362 1825 mus
373 1776 425 1841 Ρ)
480 1775 608 1826 Anu.
654 1778 706 1833 Ι,
758 1784 846 1833 17:
915 1780 1118 1843 quando
1163 1793 1379 1825 ausuros
1424 1792 1685 1841 exposcere
1719 1776 1979 1825 remedia?
2034 1776 2381 1843 (audebimus?

251 1884 546 1931 quamquam
581 1870 643 1916 de
679 1868 774 1916 hoc
806 1867 914 1916 loco
948 1868 1159 1916 dubitari
1193 1875 1380 1930 potest,
1414 1869 1475 1915 de
1509 1884 1604 1931 quo
1636 1869 1793 1916 dicam
1830 1866 2069 1932 inferius).

431 1966 480 2013 2.
548 1958 733 2006 Tertiae
764 1947 1003 2020 personae*
1023 1964 1098 2005 tot
1132 1965 1245 2006 sunt
1276 1957 1523 2019 exempla,
1557 1964 1613 2005 ut
1640 1964 1811 2006 notare
1843 1959 2069 2020 putidum
2104 1959 2191 2019 sit3
2244 1958 2383 2007 suffi-

252 2050 384 2096 ciant
416 2063 478 2095 ex
513 2055 698 2110 septem
734 2047 915 2095 Livii
947 2047 1084 2096 libris
1120 2047 1251 2094 haec:
1313 2048 1357 2108 Ι,
1391 2054 1457 2102 50
1490 2046 1629 2112 (bis);
1662 2048 1720 2108 ΙΙ,
1751 2053 1846 2109 413
1873 2047 1951 2108 III,
1986 2056 2033 2108 9,
2067 2055 2151 2107 39,
2184 2050 2262 2108 56,
2299 2050 2380 2111 64,
2470 2116 2478 2123 .

248 2142 343 2199 72;
403 2136 500 2198 IV,
545 2145 575 2193 2
612 2136 770 2204 (Quot
807 2144 1124 2202 quantasque
1161 2150 1242 2184 res
1276 2136 1565 2186 Canuleium
1599 2134 1931 2201 aggressum?
1990 2143 2041 2185 et
2087 2136 2283 2202 saepius)
2313 2143 2382 2196 43

249 2227 422 2288 (Unde
456 2227 500 2275 si
532 2227 656 2292 quid
688 2228 910 2293 increpet
943 2227 1166 2285 terroris,
1219 2226 1325 2275 sine
1353 2227 1571 2291 patricio
1604 2226 1909 2291 magistratu
1936 2216 2150 2291 placere
2173 2243 2381 2293 rempu-

247 2316 430 2366 blicam
454 2316 710 2382 opprimi?
741 2320 827 2367 ubi
856 2320 1068 2368 notanda
1099 2326 1173 2367 est
1195 2319 1389 2367 omissio
1419 2317 1672 2380 particulae
1700 2319 2088 2380 interrogatiuae,
2121 2335 2229 2383 quae
2259 2319 2380 2369 ferri

256 2408 339 2456 hic
373 2416 424 2456 et
456 2408 738 2457 huiusmodi
771 2409 888 2457 locis
921 2417 1107 2472 potest,
1151 2411 1203 2457 in
1241 2411 1620 2471 interrogatione
1660 2407 1976 2457 uehementer
2007 2417 2209 2473 urgente
2220 2409 2254 2473 3)
2299 2415 2381 2474 57,

249 2500 344 2561 σος
376 2497 454 2555 v,
490 2504 582 2560 24,
617 2504 712 2562 453
767 2499 860 2560 VI,
909 2506 973 2556 17
1009 2499 1225 2566 (saepius)
1271 2507 1361 2561 233
1403 2498 1521 2560 VH,
1553 2504 1588 2552 4
1634 2494 2024 2564 (utrum—an)
2063 2501 2121 2556 6,
2165 2508 2257 2560 11,
2299 2507 2380 2561 18,

247 2597 340 2648 32,
374 2596 463 2649 38,
498 2598 592 2651 393
646 2606 709 2637 ex
742 2591 987 2639 Caesare
1019 2589 1076 2638 Β.
1107 2590 1169 2638 G.
1202 2590 1277 2650 V,
1321 2597 1416 2646 28,
1451 2590 1508 2637 B.
1542 2589 1597 2636 C.
1627 2588 1675 2649 1,
1720 2597 1778 2650 9,
1819 2605 1881 2637 ex
1925 2589 2152 2639 Tacito
2183 2587 2309 2638 Anu.
2342 2590 2379 2651 1,

255 2684 337 2734 17,
373 2682 438 2733 26
473 2677 600 2744 (bis),
634 2684 728 2743 463
780 2682 835 2742 11,
869 2688 963 2743 703
1009 2681 1089 2741 111,
1124 2687 1208 2742 34,
1240 2686 1322 2741 44,
1357 2687 1437 2740 58,
1470 2681 1565 2741 693
1610 2695 1699 2741 per
1728 2679 1939 2743 reliquos
1972 2680 2122 2727 libros
2154 2661 2381 2742 prokredi

342 2822 375 2862 ι)
427 2814 527 2863 Quia
542 2845 552 2863 ,
595 2825 638 2852 ut
657 2816 773 2864 paulo
797 2822 883 2862 post
898 2815 1114 2859 ostendam,
1148 2813 1281 2850 Latine
1302 2814 1463 2849 dicium
1518 2813 1618 2861 Quid
1632 2813 1813 2861 facturus
1829 2813 1866 2861 f
1867 2813 1917 2848 ui
1926 2817 1964 2858 t,
2000 2813 2034 2847 si
2063 2812 2130 2846 Ιιοο
2152 2813 2380 2849 occidisset?

424 2889 524 2915 nou:
562 2879 653 2927 quid
668 2878 853 2926 facturus
869 2876 1044 2926 suisset?
1088 2875 1246 2923 obliqua
1269 2879 1384 2913 etiam
1404 2878 1576 2912 oratione
1595 2873 1685 2911 ficu
1731 2875 1830 2923 Quid
1847 2872 2044 2923 facturum
2066 2871 2214 2919 fuisse?
