2608 3184
193 163 522 217 substituerit:
589 175 712 210 num
740 158 974 226 gratuler
1006 174 1077 207 an
1110 157 1342 215 timeam,
1371 153 1519 222 'quod
1557 156 1729 206 eodem
1760 155 1870 206 loco
1902 155 2052 207 habet
2084 154 2327 213 nandino,

195 252 409 303 Tui-zell.
441 251 538 302 vol.
571 251 596 299 1
627 267 676 315 p.
712 255 828 307 334.

263 430 347 497 V.
443 427 644 515 Quod
686 448 811 516 pro
862 424 1251 491 accusatiuo
1298 447 1453 490 cum
1499 423 1827 491 infinitiuo
1875 425 2048 515 apud
2095 449 2264 515 quos

694 538 1062 627 scriptores
1109 539 1404 628 positum
1451 539 1839 627 reperiatur.

377 700 504 759 Quae
540 699 781 745 sententia
812 699 910 745 iam
947 698 1061 745 olim
1087 705 1317 759 patronos
1351 698 1616 757 habuerat,
1675 697 1757 744 uel
1791 699 1987 759 optimae
2016 698 2171 744 aetatis
2204 699 2332 744 scri-

198 798 388 854 ptoreS,
419 804 533 836 raro
550 788 767 843 omnino,
795 789 881 834 sed
902 795 1066 834 tamen
1097 786 1355 848 aliquando
1383 785 1518 848 quod
1537 786 1822 847 particulam
1842 787 2077 834 subiicere
2095 786 2332 833 eiusmodi

199 880 382 941 uerbis,
413 893 522 942 quae
557 878 881 924 accusatiuum
916 892 1025 923 cum
1060 875 1299 922 infinitiuo
1328 877 1650 938 requirerent,
1682 892 1740 923 ea
1773 893 1919 938 quum
1952 877 2103 924 nostri
2137 890 2329 938 quoque

199 970 438 1033 temporis
481 967 805 1029 grammaticis
853 964 1009 1029 (uelut
1043 965 1270 1027 Zumptio
1317 961 1342 1027 §
1386 966 1509 1026 629,
1556 963 1887 1013 Ramshornio
1931 982 1979 1028 p.
2024 971 2124 1022 743
2158 967 2235 1014 ed.
2277 961 2330 1028 2)

200 1076 256 1107 se
291 1058 598 1121 probauerit,
652 1071 813 1115 operae
847 1057 1059 1116 pretium
1096 1056 1210 1113 erit,
1258 1061 1517 1116 antequam
1552 1053 1696 1100 latius
1729 1063 2050 1117 propagetur,
2079 1056 2333 1118 exquirere

203 1164 350 1211 quam
391 1148 455 1193 sit
487 1160 618 1190 uera.
685 1144 868 1205 Locos,
900 1146 982 1206 qui
1015 1144 1279 1190 testimonii
1320 1158 1463 1189 causa
1509 1143 1839 1204 ascribuntur,
1910 1147 2172 1192 maximam
2213 1159 2335 1206 par-

200 1241 304 1281 tem
348 1231 610 1296 collegerat
654 1236 731 1281 uir
778 1235 999 1295 egregius
1030 1234 1086 1280 P.
1119 1233 1367 1280 Manutius
1410 1234 1472 1279 ad
1505 1234 1603 1280 Cic.
1638 1234 1791 1293 Epist.
1826 1235 1888 1279 ad
1921 1234 2057 1281 Fam.
2089 1234 2206 1289 V11,
2252 1240 2333 1293 28,

204 1323 286 1386 qui
330 1322 460 1384 quod
515 1324 674 1369 minus
716 1322 959 1369 subtiliter
1012 1338 1191 1385 genera
1238 1322 1460 1384 quaedam
1513 1320 1742 1385 loquendi
1787 1321 2084 1385 aliquantum
2138 1324 2333 1370 diuersa

201 1414 411 1459 secreuit
453 1413 781 1475 nonnullaque
814 1411 1037 1472 exempla
1073 1427 1272 1472 prorsus
1305 1414 1366 1458 ad
1407 1428 1511 1459 rem
1555 1428 1655 1458 non
1694 1414 1985 1472 pertinentia
2028 1414 2206 1460 adiecit
2260 1415 2332 1471 (ut

202 1500 320 1547 XIII
352 1501 414 1547 ad
450 1502 584 1550 Fam.
617 1507 686 1555 40
720 1501 855 1564 quod
884 1499 984 1547 scio
1017 1500 1204 1546 multas
1238 1499 1476 1558 ualuisse,
1508 1503 1569 1548 de
1600 1517 1693 1563 quo
1720 1516 1897 1563 genere
1933 1503 2056 1548 dixit
2084 1503 2189 1563 ipse
2215 1501 2331 1549 alibi

199 1590 355 1654 recte)
388 1590 546 1638 facilis
591 1598 665 1638 est
698 1593 843 1638 uenia
876 1597 1044 1651 parata
1078 1598 1128 1636 et
1157 1597 1357 1650 propter
1391 1598 1582 1651 tempus
1617 1597 1667 1636 et
1711 1598 1914 1651 propter
1951 1598 2111 1637 cetera
2144 1592 2332 1638 merita.

204 1678 340 1740 Quid
373 1687 536 1726 tamen
563 1695 700 1726 error
733 1696 761 1726 a
795 1679 1078 1726 confusione
1113 1685 1164 1725 et
1195 1680 1515 1739 peruersitate
1542 1681 1702 1734 distet,
1736 1680 1983 1742 intelliget,
2012 1682 2095 1742 qui
2122 1679 2333 1727 Manutii

201 1770 563 1816 adnotationem
586 1771 941 1829 comparauerit
974 1785 1083 1813 cum
1118 1768 1331 1826 Scioppii
1364 1767 1593 1814 Auctario
1612 1768 1847 1829 Mariang.
1879 1769 1971 1828 Ep.
1999 1768 2069 1814 VI
2099 1776 2185 1815 aut
2217 1785 2330 1815 cum

198 1857 441 1904 Perizonii
460 1863 575 1902 nota
597 1858 659 1903 ad
680 1857 861 1903 Sanctii
881 1856 1086 1901 Mineru.
1110 1854 1191 1901 lib.
1211 1854 1276 1899 111
1307 1872 1346 1902 c.
1372 1853 1478 1918 14§
1500 1857 1559 1902 de
1584 1858 1921 1903 coniunctione
1952 1857 2100 1919 quod.
2124 1856 2165 1920 ¹)
2213 1858 2330 1904 Pri-

201 1963 335 1993 mum
352 1948 517 2008 igitur,
550 1948 695 1993 etiam
720 1964 747 1992 a
764 1947 1010 2006 Zumptio,
1040 1946 1208 1991 Cicero
1228 1947 1402 1991 citatur
1416 1947 1565 2006 testis,
1592 1948 1674 2009 qui
1691 1948 1751 1993 de
1764 1946 1903 1993 Offic.
1921 1946 1979 2006 II,
2007 1954 2089 2007 20,
2117 1953 2185 2001 70
2203 1949 2330 1995 scri·-

200 2037 326 2098 psit:
359 2035 728 2100 uidendumque
749 2035 880 2084 illud
906 2044 994 2097 est,
1029 2035 1179 2099 quod,
1202 2033 1248 2082 εἰ
1272 2034 1561 2098 opulentum
1573 2022 2001 2099 fortunatumque
2022 2035 2331 2097 defenderis,

299 2283 334 2323 ι)
381 2278 499 2315 Recte
526 2278 602 2313 dici
627 2276 726 2317 ecio,
748 2276 862 2322 quod,
886 2275 986 2319 dico,
1022 2276 1120 2322 quod
1140 2275 1368 2311 Perizonius
1392 2287 1443 2311 ex
1468 2286 1514 2310 eo
1540 2273 1674 2319 efficit,
1708 2273 1813 2320 quod
1840 2275 1987 2310 dicatur
2018 2288 2170 2323 queror,
2206 2276 2330 2323 loeeor,

381 2340 490 2388 quod,
514 2343 671 2385 gratum
695 2341 752 2370 ese
780 2335 881 2377 milei,
909 2336 1016 2381 quod,
1041 2342 1190 2382 excepto
1216 2337 1324 2385 quod,
1356 2336 1478 2370 multa
1502 2336 1542 2370 in
1563 2341 1690 2369 nostro
1711 2334 1865 2382 colleg-io
1883 2336 2087 2382 proclam,
2110 2337 2176 2372 sed
2197 2336 2263 2372 Ιιοι·
2286 2338 2328 2372 in

376 2401 535 2449 primis,
556 2398 664 2448 quod.
713 2396 814 2431 'rum
838 2398 880 2430 in
904 2394 1099 2431 Ciceroni·
1125 2394 1210 2431 Loel.
1233 2408 1268 2440 2,
1292 2398 1337 2431 δε
1372 2408 1440 2444 ego
1462 2396 1504 2432 id
1529 2396 1744 2443 respondeo,
1778 2397 1875 2444 quod
1895 2398 2167 2442 animaduerti,
2200 2404 2237 2434 te
2261 2397 2329 2434 &c-

378 2473 460 2497 non
486 2461 593 2495 uidet
617 2459 716 2505 quod
738 2458 946 2491 relatiuum
971 2467 1076 2498 esse,
1124 2467 1194 2490 nec
1219 2460 1259 2491 iu
1285 2456 1463 2491 Suetonii
1485 2456 1588 2501 Aug.
1618 2456 1664 2491 43
1697 2463 1860 2497 (tantum
1885 2465 1929 2492 ut
1954 2461 2183 2501 ostenderet,
2232 2459 2331 2506 quod

381 2528 468 2558 etot
494 2519 658 2567 bipedali
679 2518 814 2557 minor)
858 2517 958 2564 quod
984 2517 1173 2553 causalem
1198 2515 1518 2562 significationem
1551 2515 1705 2555 habere.
1780 2515 1948 2554 Omnino
1978 2531 2166 2565 nusquam
2199 2522 2329 2554 minus

377 2581 627 2621 Perizonium
649 2588 831 2624 agnoscas
859 2589 974 2624 quam
999 2580 1040 2613 in
1064 2578 1134 2613 illo
1159 2589 1301 2624 opere,
1338 2580 1530 2614 communi
1553 2579 1658 2614 illius
1683 2583 1799 2616 aetatia
1824 2582 1947 2623 uitio,
1980 2580 2109 2626 quod,
2155 2581 2330 2627 neglecta

380 2645 567 2680 aon-monia
590 2644 632 2675 in
657 2650 724 2674 ore
749 2640 949 2674 hominum
973 2641 1146 2673 uiuentis
1173 2640 1515 2684 contemplatione,
1539 2639 1633 2674 adeo
1657 2650 1896 2676 communem
1919 2644 2003 2677 eiua
2025 2647 2198 2676 naturam
2220 2643 2331 2687 igno-

300 2717 304 2723 ·
379 2703 535 2746 rabant,
575 2710 640 2744 ut,
677 2704 711 2737 si
736 2702 834 2736 ultra
856 2713 949 2737 usu·
972 2704 1310 2745 inuestigationem
1335 2708 1373 2735 et
1397 2702 1660 2747 exemplorum
1682 2703 1946 2737 collectionem
1970 2702 2150 2748 progredi
2171 2703 2330 2745 uellent,

377 2767 505 2801 omnia
536 2761 828 2799 confunderent.
875 2760 965 2796 Alia
990 2764 1137 2797 rationo
1161 2768 1200 2797 et
1222 2761 1270 2797 ad
1293 2764 1459 2808 speciem
1484 2762 1606 2798 multo
1636 2762 1840 2799 subtiliore
1867 2762 1970 2798 idem
2001 2762 2114 2799 multi
2144 2773 2247 2800 nuuc
2266 2760 2328 2799 fa-

376 2829 496 2863 ciunt.
543 2823 720 2859 Ceterum
743 2826 811 2868 qui
836 2830 970 2867 praeter
994 2834 1080 2865 eos,
1119 2834 1216 2868 quos
1243 2825 1461 2865 nominaui,
1498 2822 1544 2858 de
1570 2823 1640 2859 hac
1667 2827 1877 2869 quaestione
1900 2823 2105 2867 dixerunt,
2130 2833 2327 2861 enumerat

376 2885 665 2925 nuddimauuus
688 2883 872 2922 lunium.
898 2885 933 2919 11
959 2894 996 2931 p.
1024 2896 1065 2920 ιι
1090 2890 1170 2921 not.
1195 2891 1234 2921 et
1255 2872 1594 2922 Drakenborehius'
1618 2885 1663 2923 ad
1688 2884 1773 2922 Liu.
1795 2886 1862 2932 111,
1886 2883 1943 2928 52,
1972 2894 2008 2921 2.
