2608 3184
289 42 356 91 12

218 191 300 245 58,
351 191 431 245 13,
482 183 567 232 ubi
602 183 790 232 editur:
847 184 970 248 quid
1000 185 1103 231 iam
1140 182 1323 247 integri
1357 199 1464 231 esse
1496 184 1550 231 in
1586 198 1794 248 corpore
1826 183 1923 232 loci
1956 183 2074 243 &c.,
2107 210 2174 223 —-
2208 185 2351 249 rogi-2

215 280 410 334 tantes5
459 274 770 323 scribendum
798 290 902 324 esse
933 275 1206 324 necessario
1236 281 1393 338 esset,
1435 282 1491 324 ut
1524 275 1734 339 pendeat
1766 291 1795 323 a
1829 278 2083 342 participio
2117 276 2352 334 subiecto,

214 366 302 413 uix
333 380 456 428 opus
485 373 560 414 est
592 365 704 412 dici.
723 365 770 429 ¹)

259 566 350 631 Il.
441 567 828 633 Discrimen
877 564 1248 628 formarum
1306 581 1561 630 amatus
1604 590 1745 630 sum
1789 576 1857 630 et
1902 581 2156 630 amatus
2196 565 2308 653 sui

359 701 399 744 a
445 680 793 745 ueteribus
843 676 1390 741 constantissime
1436 677 1794 743 seruatum.
1883 678 2200 742 Praesens

549 815 674 882 pro
720 791 1023 880 perfecto
1071 789 1300 854 durius
1347 813 1386 854 a
1434 791 1657 879 poetis
1704 790 2013 881 positum.

387 994 601 1043 Multum
632 996 891 1049 interesse,
941 999 1106 1039 utrum
1140 998 1368 1038 amatum
1398 991 1606 1056 aliquem
1635 1007 1744 1039 esse
1775 1009 1838 1040 an
1865 990 2036 1053 fuisse
2059 993 2345 1055 diceremus,

208 1101 377 1133 omnes
408 1087 689 1145 didicimus3
749 1090 919 1130 contra
953 1089 1151 1129 amatus
1186 1098 1321 1142 sum,
1369 1083 1634 1129 indicatiuo
1668 1084 1848 1143 modo,
1881 1083 1943 1129 ab
1976 1099 2060 1143 eo,
2111 1084 2238 1146 quod
2266 1090 2343 1132 est

209 1182 411 1221 amatus
436 1172 557 1234 fui,
610 1174 691 1221 alii
724 1174 1027 1236 grammatici
1059 1174 1130 1219 sic
1172 1173 1480 1234 disiungunt,
1532 1179 1588 1219 ut
1621 1174 1879 1221 discrimen
1913 1179 2200 1234 perpetuum
2236 1189 2341 1221 esse

205 1273 410 1329 negent,
433 1265 578 1313 uelut
603 1263 886 1311 Billrothius
923 1279 972 1325 p.
1005 1269 1120 1323 293,
1155 1261 1235 1309 alii
1268 1278 1468 1324 prorsus
1499 1262 1594 1309 hoc
1626 1278 1717 1324 pro
1753 1262 1841 1310 illo
1875 1264 1970 1311 dici
2006 1269 2247 1324 statuunt,
2282 1272 2339 1311 ut

206 1356 461 1416 Zumptius
497 1352 523 1416 §
559 1356 656 1408 168
691 1360 741 1400 et
777 1352 954 1416 §495;
989 1368 1079 1399 nec
1114 1351 1253 1398 aliter
1281 1359 1505 1399 ueterum
1544 1354 1832 1414 scriptorum
1866 1354 2074 1399 editores
2107 1354 2338 1413 iudicant,

202 1446 385 1507 partim
421 1445 600 1506 apertis
635 1444 827 1504 uerbis,
860 1442 994 1490 uelut
1026 1441 1340 1489 Heindorfius
1374 1443 1435 1489 ad
1469 1442 1662 1489 Horatii
1697 1442 1838 1489 Satir.
1869 1442 1915 1502 1,
1952 1444 2008 1501 6,
2047 1450 2125 1503 13,
2156 1444 2333 1504 partim

204 1534 422 1593 silentio,
455 1535 693 1580 eiusmodi
725 1533 1016 1594 scripturam
1050 1531 1330 1586 tolerantes,
1362 1533 1413 1578 in
1449 1547 1543 1594 qna
1575 1533 1644 1578 ita
1677 1534 1823 1578 statui
1852 1547 2047 1578 necesse
2081 1533 2169 1593 sit3
2204 1532 2335 1593 apud

205 1638 288 1670 eos
323 1637 545 1686 quoque,
576 1622 683 1684 qui,
715 1627 772 1668 ut
802 1620 975 1669 Latine
1008 1620 1247 1680 scribant,
1287 1635 1485 1681 operam
1520 1621 1663 1682 dant,
1705 1636 1803 1668 non
1838 1635 1991 1683 pauca
2024 1621 2236 1682 reperies
2272 1621 2336 1667 ad

201 1712 330 1760 hanc
360 1711 569 1760 formam
603 1712 798 1774 scripta.
865 1710 931 1759 Et
962 1717 1126 1758 tamen
1165 1709 1272 1756 haec
1306 1710 1403 1757 duo
1438 1712 1568 1772 apud
1604 1718 1794 1758 ueteres
1842 1718 1892 1758 et
1934 1716 2108 1758 natura
2153 1716 2204 1757 et
2240 1725 2334 1758 usu

201 1803 326 1851 adeo
358 1807 475 1849 sunt
510 1803 738 1862 discreta,
789 1807 845 1848 ut
887 1816 1136 1864 nunquam
1185 1806 1545 1847 commutentur
1586 1802 1680 1849 nisi
1728 1802 1908 1849 mendo
1952 1802 2203 1863 scripturae
2248 1805 2334 1848 aut

198 1892 556 1954 interpretandi
588 1892 789 1939 inscitia.
855 1891 1021 1952 Quum
1057 1891 1186 1937 enim
1218 1890 1392 1936 Latine
1424 1891 1646 1947 dicimus,
1678 1892 1816 1940 uerbi
1847 1908 2013 1947 eausa,
2034 1889 2204 1952 fixum
2237 1897 2331 1947 est,

197 1989 463 2044 utrumque
492 1979 752 2044 significari
785 1987 968 2042 potest,
1011 1986 1060 2026 et
1091 1979 1251 2025 fixisse
1286 1978 1520 2041 aliquem,
1553 1982 1806 2044 participio
1839 1988 1888 2029 et
1920 1981 2072 2028 uerbo
2097 1980 2331 2027 substan-

195 2073 300 2119 tiuo
336 2072 388 2118 in
419 2085 568 2119 unam
612 2070 864 2118 notionem
897 2067 1103 2133 perfecti
1136 2069 1316 2130 passini
1349 2068 1744 2133 coalescentibus,
1775 2079 1827 2119 et
1858 2087 1990 2119 nunc
2020 2070 2141 2117 illud
2174 2069 2325 2116 fixum

291 2314 324 2356 ι)
371 2310 490 2347 Nullo
509 2310 598 2346 loco
617 2310 775 2355 grauius
794 2315 961 2344 erratum
981 2310 1022 2343 in
1045 2307 1120 2343 hoc
1140 2318 1282 2354 genere
1302 2308 1395 2351 uidi,
1420 2319 1535 2354 qnam
1557 2321 1578 2344 a
1597 2312 1864 2347 recentissimis
1885 2310 2009 2347 Taciti
2029 2309 2238 2347 editoribus
2267 2309 2322 2353 (J.

370 2369 594 2407 Bekkerum
616 2371 785 2415 excipio,
809 2369 975 2405 multum
994 2369 1233 2415 reliquorum
1260 2369 1498 2414 dissimssem)
1518 2373 1559 2406 in
1579 2370 1723 2407 Hister.
1745 2371 1794 2414 11,
1815 2373 1869 2415 18,
1891 2370 1971 2417 ubi,
1997 2371 2160 2408 reductis
2182 2373 2323 2408 ueteri·

323 2450 326 2452 v
370 2432 443 2468 bus
461 2430 638 2467 sordibus
652 2455 663 2473 ,
687 2430 826 2465 edunt:
872 2431 1156 2465 Prouidentiam
1182 2432 1286 2467 ducis
1307 2431 1493 2467 laudari?
1541 2433 1631 2481 quin
1646 2434 1757 2480 prodi
1775 2434 1949 2469 Othonem
1968 2439 2006 2468 et
2023 2434 2181 2474 accitum
2204 2436 2324 2469 Caci-

366 2506 456 2530 nam
475 2491 738 2527 clamitabant.
783 2491 862 2526 Nec
883 2494 1010 2526 omitti
1032 2491 1097 2527 hic
1116 2494 1379 2538 interrogandi
1400 2495 1584 2539 particula
1604 2502 1773 2540 poterat,
1806 2506 1874 2530 nec
1895 2498 2095 2540 qnisquam
2118 2494 2166 2530 ab
2185 2494 2321 2531 huius·

366 2554 473 2590 modi
492 2554 793 2598 interrogatione
812 2563 921 2587 orsus
942 2560 1012 2596 est,
1034 2563 1153 2597 quum
1174 2557 1351 2598 proxime
1372 2552 1614 2590 infinitiuum
1636 2562 1673 2590 et
1695 2555 1855 2591 uerbum
1874 2567 2009 2601 regens
2031 2555 2321 2599 (clamitabant)

363 2614 586 2655 subiiceret,
610 2623 694 2654 nec,
717 2614 785 2656 qui
811 2619 1006 2656 negarent,
1030 2612 1254 2648 laudandam
1278 2625 1360 2649 esse
1382 2614 1489 2649 ducis
1507 2616 1799 2660 prouidentiam,
1820 2619 1877 2651 sie
1894 2620 2191 2663 interrogarent:
2215 2617 2320 2650 Lau·-

364 2676 527 2711 daturne
548 2673 607 2719 (id
630 2679 689 2709 est
709 2674 839 2707 enim:
874 2672 1071 2717 laudat-ili)
1121 2674 1211 2709 sed:
1236 2676 1434 2709 Laudetne
1452 2676 1647 2722 quisquam
1662 2676 1682 2711 ?
1732 2688 1816 2719 nec,
1848 2676 1953 2722 quod
1974 2684 2088 2722 caput
2107 2683 2174 2718 est,
2208 2678 2317 2720 quic·

362 2746 477 2782 quam
496 2734 543 2769 ad
563 2735 790 2770 sententiam
815 2731 1018 2768 absurdius
1039 2744 1153 2778 quam
1175 2734 1240 2769 hic
1261 2743 1328 2770 sut
1348 2735 1526 2771 tribunos
1545 2739 1865 2782 centurionesque
1892 2736 2175 2783 prouidentiam
2206 2734 2314 2772 ducis

361 2795 559 2832 laudantes
578 2794 712 2830 induci
730 2800 798 2829 aut
817 2793 963 2829 milites
977 2804 1058 2829 eam
1077 2794 1229 2831 laudem
1249 2807 1329 2831 non
1350 2795 1527 2839 serentes.
1589 2796 1763 2833 Ruebant
1780 2799 1923 2834 milites
1950 2800 1991 2833 in
2011 2797 2171 2840 hostem,
2219 2799 2316 2833 reti-

358 2862 589 2901 nentemque
610 2855 748 2890 ducem
777 2853 1015 2899 proditorem
1045 2854 1301 2900 appellabant.
1357 2854 1495 2893 Contra
1525 2856 1594 2893 ubi
1618 2858 1847 2894 describitur
1880 2860 2113 2904 poenitentia
2145 2858 2313 2895 militum

358 2928 428 2954 suo
451 2914 695 2952 incommodo
715 2914 1011 2959 admoniturum,
1038 2914 1097 2954 ibi
1120 2927 1216 2953 uero
1238 2923 1339 2954 recte
1356 2917 1424 2953 illa
1443 2918 1697 2965 prouidentioe
1715 2919 1884 2956 laudatio
1903 2926 2231 2957 commemoratur.
