2608 3184
2195 36 2260 88 1¹1

207 179 336 246 111.
425 178 511 246 In
555 175 1001 244 condicionali
1043 176 1379 244 sententia
1412 198 1679 266 semper
1719 174 1963 243 dicitur
1998 176 2328 243 Facturus

292 293 404 382 fici
425 289 704 380 (eram),
739 282 807 354 si
844 291 1128 370 scissem,
1162 314 1507 381 nunquam
1536 292 1841 381 factm-ets
1874 291 2160 378 ficis-sem.
2180 299 2236 374 1)

386 449 498 498 Hoc
530 451 598 498 ita
629 466 754 513 esse,
788 451 960 514 scripsi
993 451 1089 498 iam
1125 452 1177 499 in
1209 450 1448 514 opusculis
1482 452 1768 499 academicis
1800 465 1849 512 p.
1884 456 2006 510 199,
2038 447 2169 512 (coll.
2192 464 2327 513 proe-

207 538 294 587 fat.
326 553 375 602 p.
407 538 494 603 VI)
545 557 833 604 causamque
877 541 1064 600 addidi,
1125 542 1255 603 quod
1292 541 1631 589 condicionalis
1664 541 1948 603 significatio
1979 541 2107 587 inest
2140 542 2325 604 inipso

208 630 478 692 participio.
551 631 647 678 Sed
681 639 872 687 tamen,
939 627 1166 693 quoniam
1201 636 1252 677 et
1283 629 1427 694 uolgo
1462 630 1601 678 aliter
1631 632 1837 678 traditur
1867 637 1918 677 et
1951 629 2032 678 uel
2065 645 2174 691 eos,
2240 633 2326 695 qui

206 717 390 766 Mureti
422 727 474 767 et
504 719 786 767 Ruhnkenii
830 720 1020 780 scriptis
1061 727 1200 766 notas
1233 720 1439 779 addunt,
1506 721 1674 779 uideo,
1740 722 1781 766 si
1826 721 1956 782 quod
1999 734 2053 766 se
2098 721 2157 767 iis
2193 735 2330 769 ποι-ω

206 807 380 856 formae
413 810 690 871 exemplum
725 808 982 868 obtulerit,
1026 810 1288 868 ascribere,
1336 825 1442 856 eam
1476 824 1566 870 pro
1601 810 1771 869 aitera,
1816 826 1957 871 quam
1993 824 2084 871 ego
2115 811 2327 859 inueniri

213 900 342 961 apud
369 899 525 947 bonos
560 901 818 961 scriptores
846 915 984 963 nego,
1015 900 1221 961 positam
1255 915 1375 960 esse,
1406 900 1620 948 conabor
1643 916 1748 947 rem
1776 899 2063 947 dubitationi
2099 901 2326 949 eximere.

209 988 328 1035 Dixi
352 989 447 1048 ibi,
482 990 692 1035 maxime
725 990 838 1036 inde
873 989 966 1035 hoc
998 995 1294 1050 praeceptum
1327 989 1628 1048 confirmari,
1673 991 1824 1052 quod,
1870 989 1955 1036 ubi
1989 988 2083 1035 alia
2115 1004 2178 1036 ex
2210 1005 2329 1038 sen-

211 1079 470 1124 tentiarum
506 1093 635 1124 nexu
665 1094 805 1137 causa
838 1079 1131 1124 coniuncti-i
1165 1079 1375 1138 ponendi
1409 1080 1709 1138 accessisset,
1741 1093 1934 1139 semper
1963 1084 2129 1124 tamen
2162 1078 2333 1140 perfe-

212 1173 346 1213 ctum
378 1164 578 1230 (fuerit)
617 1169 923 1215 retineretur.
1020 1167 1180 1214 Huius
1221 1168 1293 1214 rei
1326 1169 1536 1229 primum
1571 1166 1791 1228 exempla
1824 1169 2140 1215 Ciceroniana
2172 1169 2234 1216 ad
2260 1184 2333 1230 ea,

212 1272 321 1319 quae
354 1257 422 1304 ibi
455 1258 663 1319 ascripta
697 1265 838 1317 sunt,
894 1257 999 1304 haec
1036 1257 1289 1303 accedantz
1347 1258 1436 1306 Ad
1467 1255 1612 1304 Attic.
1644 1257 1687 1302 II
1733 1260 1871 1318 epist·
1907 1260 1971 1311 16
2003 1257 2150 1320 (quid
2170 1256 2333 1318 sutu-

210 1360 325 1392 rum
352 1345 549 1406 fuerit,
585 1346 630 1394 si
663 1346 877 1396 Bibulus
910 1346 963 1393 in
988 1344 1171 1406 forum
1204 1346 1559 1407 descendisset,
1597 1363 1650 1394 se
1680 1347 1909 1394 diuinare
1942 1362 2043 1393 non
2070 1348 2332 1412 potuisse,)

216 1451 308 1499 pro
340 1436 505 1485 Plane.
540 1446 619 1497 20,
654 1444 732 1498 50,
762 1440 817 1485 in
848 1438 1008 1485 Pison.
1038 1442 1087 1493 7,
1123 1440 1200 1491 14.
1242 1436 1481 1484 Notabilis
1514 1445 1587 1484 est
1619 1437 1752 1484 locus
1785 1439 1845 1484 ad
1865 1440 2183 1485 constantiam
2214 1456 2334 1501 per-—

215 1528 515 1588 spiciendam
554 1543 645 1589 pro
679 1527 813 1573 Sulla
855 1534 944 1583 15,
991 1531 1059 1580 44
1127 1525 1300 1589 (quum
1333 1526 1581 1573 indicatus
1615 1535 1732 1573 tuus
1764 1526 1989 1573 inimicus
2020 1536 2214 1584 esset,
2282 1538 2333 1575 et

214 1623 379 1662 esset
410 1616 515 1663 eius
533 1616 606 1663 rei
623 1615 872 1678 frequens
895 1622 1098 1661 senatus
1124 1615 1277 1672 testis,
1310 1614 1397 1661 tibi
1408 1615 1556 1677 prius
1577 1616 1728 1661 etiam
1751 1615 1935 1662 edituri
1956 1614 2008 1674 f
2007 1616 2142 1662 ueri
2151 1625 2219 1663 nt
2247 1618 2333 1665 in-

215 1703 399 1750 dicium
428 1705 603 1752 scribae
628 1705 741 1761 mei,
769 1704 813 1751 si
844 1703 1104 1760 uoluisses,
1131 1719 1283 1766 quam
1315 1704 1367 1751 in
1387 1704 1599 1750 codicem
1620 1704 1926 1765 retulissent,
1958 1719 2050 1751 cur
2079 1706 2281 1754 tacuisti
2290 1705 2334 1771 ?)

215 1793 407 1842 Deinde
460 1802 621 1843 autem
664 1795 795 1844 Liuii
838 1810 977 1842 usum
1011 1808 1382 1858 persequamur,
1445 1795 1573 1856 apud
1609 1810 1749 1856 quem
1788 1792 2018 1856 permulti
2058 1794 2338 1845 huiusmodi

214 1882 307 1931 loci
342 1891 467 1932 sunt.
536 1885 580 1932 Is
618 1884 835 1932 absolute
866 1886 935 1931 sic
966 1883 1205 1947 loquitur:
1243 1883 1300 1943 V,
1330 1889 1411 1941 53,
1447 1891 1499 1944 9:
1530 1890 1580 1930 et
1600 1883 1737 1947 quod
1767 1882 1957 1947 singuli
1975 1882 2183 1945 facturi
2207 1883 2335 1946 fui-¹

216 1989 344 2031 mus,
379 1973 470 2021 Izoc
503 2000 569 2009 —
600 1989 887 2021 recusamus
910 1971 1131 2033 facere?
1164 1973 1437 2032 XXXVIII,
1473 1978 1553 2034 47,
1588 1982 1642 2027 2:
1676 1990 1799 2036 quos
1834 1976 1955 2037 ego,
1977 1975 2020 2021 si
2056 2001 2121 2010 -
2148 1974 2335 2037 prohi-

218 2062 388 2111 herent
400 2098 415 2120 ‚
449 2064 693 2111 citaturus
718 2062 839 2124 fui3
899 2064 950 2110 in
977 2062 1106 2110 libro
1137 2062 1244 2123 XL,
1277 2067 1344 2117 40
1377 2069 1499 2123 extr,
1533 2063 1662 2111 hunc
1695 2061 2008 2112 indicatiuum
2046 2081 2156 2112 cum
2190 2065 2334 2127 plus—

216 2154 579 2217 quamperfecto
615 2155 909 2201 coniunctiui
940 2155 1264 2215 compositum
1301 2169 1399 2199 non
1432 2152 1641 2199 ferentes
1677 2155 1780 2199 siue
1813 2154 1996 2200 librarii
2030 2157 2134 2200 siue
2173 2156 2337 2201 edito-

215 2259 308 2299 res,
342 2261 488 2307 quum
515 2243 753 2291 difficilius
788 2250 915 2290 esset
956 2242 1478 2305 plusquamperfectum
1520 2245 1811 2292 coniunctivi
1854 2243 2070 2302 efficere,
2140 2258 2336 2304 prorsus

213 2334 421 2379 barbare
439 2334 710 2394 perfectum
744 2335 1033 2380 coniunctivi
1067 2330 1440 2379 substituerunt:
1475 2347 1572 2395 quo
1606 2334 1749 2380 modo
1772 2358 1834 2367 —
1847 2331 2205 2391 fefellissent?
2238 2347 2336 2396 quo

217 2422 362 2468 modo
397 2430 565 2468 autem
594 2449 657 2458 -
693 2423 793 2484 ipsi
825 2418 1028 2468 euasuri
1050 2422 1287 2480 fuerint?
1322 2424 1405 2487 (sc.
1421 2422 1696 2495 fizerunff)
1755 2423 1810 2467 In
1838 2424 2093 2469 subiuncta
2127 2439 2183 2468 ac
2211 2439 2339 2484 pen-

218 2514 351 2560 denti
381 2516 619 2559 sententia
653 2516 719 2559 sic
754 2514 944 2559 scribit:
996 2514 1079 2571 IV,
1110 2522 1177 2566 38
1213 2523 1358 2560 extr-‚z
1394 2513 1538 2575 quin,
1571 2514 1613 2558 si
1650 2538 1712 2548 —-
1742 2521 1979 2572 possent,
2013 2515 2187 2559 daturi
2206 2513 2338 2572 fue—

217 2602 320 2650 rint
330 2618 350 2662 ,·
384 2603 448 2659 V,
471 2610 559 2659 51:
597 2610 653 2649 ut
689 2629 752 2639 —
789 2618 889 2650 non
924 2602 967 2649 si
986 2619 1063 2649 me
1101 2628 1164 2638 -
1194 2603 1516 2659 reuocaretis,
1549 2603 1802 2649 rediturus
1826 2601 2026 2662 fuerim
2036 2619 2055 2662 ,·
2089 2605 2337 2651 eiusdem-

217 2696 349 2742 modi
385 2701 498 2741 sunt
524 2693 618 2740 loci
651 2693 740 2750 IX,
775 2700 852 2754 17,
883 2703 942 2749 2,
1008 2692 1164 2752 XXII,
1197 2701 1277 2754 32,
1309 2701 1372 2749 2,
1439 2693 1623 2753 XXIV,
1666 2695 1744 2754 26,
1780 2701 1874 2755 123
1942 2693 2127 2748 XXVI,
2162 2701 2240 2753 10,
2274 2699 2306 2747 7
2317 2712 2331 2755 3

312 2877 349 2921 1)
396 2875 479 2911 Hoc
516 2881 594 2920 est,
640 2873 743 2920 quod
777 2885 890 2921 supra
925 2874 1009 2912 dixi
1046 2885 1148 2911 nuuc
1180 2886 1201 2912 a
1235 2874 1413 2921 Zumptio
1438 2874 1456 2921 ς
1481 2874 1549 2924 498
1573 2874 1773 2912 maximam
1792 2882 1938 2922 partem
1963 2874 2010 2913 ad
2033 2885 2153 2912 meam
2176 2880 2338 2912 mentem

394 2944 607 2973 correctum
632 2947 726 2973 esse.
781 2934 856 2972 Sed
881 2943 1005 2972 tamen
1028 2936 1355 2974 confirmationem
1377 2937 1623 2974 omittendam
1650 2948 1728 2973 non
1758 2940 1906 2984 putaui.

2053 3012 2076 3047 3
