2608 3184
211 154 393 202 magno
425 139 624 186 Coesare
656 143 838 198 aperta
864 133 992 195 fuit,
1024 150 1122 181 non
1157 133 1249 181 hoc
1284 135 1489 182 dicitur:
1555 136 1869 199 Buegangen
1903 135 2014 183 blev
2048 136 2231 185 aabnet
2267 140 2342 200 af

214 232 421 283 Coesar,·
457 229 539 273 sed
572 228 685 273 hoc:
739 240 833 272 var
865 225 1076 285 uabnet,
1127 226 1242 271 stod
1274 226 1457 272 aabnet
1490 223 1566 285 as
1595 227 1774 273 Caesur.
1849 225 2078 288 Apparet,
2109 243 2218 274 eum
2256 228 2334 275 lo-

213 320 387 382 quendi
425 318 646 376 modum,
696 334 790 380 quo
825 316 1012 362 occisus
1045 315 1159 376 fuit
1204 331 1293 377 pro
1335 316 1522 362 occisus
1565 323 1640 361 est
1686 318 1910 378 ponitur,
1967 316 2334 380 relinquendum

212 423 316 454 esse
364 406 547 452 ultitnae
590 410 743 453 aetatis
786 407 1128 468 scriptoribus,
1185 405 1320 452 uelut
1360 409 1429 464 ei,
1492 408 1570 468 qui
1622 409 1858 468 epitomas
1904 406 2219 454 Liuianorum
2270 409 2334 456 li-

209 499 405 544 brorum
445 500 712 556 composuit
744 497 859 558 (vid.
893 498 1005 556 epit.
1042 494 1153 555 27),
1198 486 1246 540 et
1281 495 1528 541 similibus.
1598 498 1827 558 Excipio,
1881 513 1990 559 quae
2023 499 2151 558 apud
2184 498 2333 546 Plau-

209 596 312 634 tum
355 590 404 633 in
452 588 639 633 duobus
679 586 1032 646 deponentibus
1073 586 1413 643 inueniuntur,
1473 585 1598 629 sciui
1639 594 1685 630 et
1727 586 1940 631 miratus
1976 585 2070 645 sui
2115 588 2334 649 (Poenul.

210 675 274 733 V,
315 678 364 730 6,
402 674 483 736 10)
519 684 568 720 et
603 675 839 738 opinatus
864 672 958 732 fui
992 672 1250 737 (Amphitr.
1284 674 1319 733 Ι,
1358 683 1402 733 1,
1436 674 1537 738 31),
1586 681 1634 719 et
1669 677 1708 721 si
1743 677 1869 737 quod
1906 683 1977 721 est
2011 676 2167 721 simile
2201 677 2331 724 aliud

209 767 418 812 eiusdem
460 768 616 815 aetatis
660 764 951 824 exemplum.
1021 763 1260 809 Uidentur
1303 766 1431 809 enim
1479 766 1530 809 in
1574 766 1769 825 antiquo
1814 781 2037 810 sermone
2082 767 2325 813 interdum

206 857 462 917 participia
498 855 716 916 quaedam
748 855 1089 914 deponentium
1127 861 1175 900 et
1208 855 1509 915 passiuorum
1546 856 1614 900 sic
1649 856 1862 914 potuisse
1898 857 2039 914 poni,
2085 864 2139 901 ut
2176 861 2327 919 magis

208 944 426 991 absolute
471 945 800 989 condicionem
845 950 893 989 et
927 950 1104 989 statum
1136 943 1485 1004 significarent,
1541 959 1681 1004 paene
1725 946 1775 989 in
1810 946 2034 990 adiectiui
2081 947 2325 992 notionem

207 1036 520 1092 transeuntia,
555 1035 727 1079 deinde
760 1034 961 1079 uerbum
997 1035 1340 1094 adiungeretur
1364 1049 1450 1093 per
1478 1049 1529 1078 se
1562 1036 1795 1093 praeteriti
1823 1034 1996 1092 forma,
2031 1041 2085 1079 ut
2116 1034 2327 1081 miratus

196 1121 291 1181 fui
319 1131 532 1169 nontam
566 1123 657 1168 hoc
690 1130 840 1168 esset:
878 1122 972 1184 jeg
992 1121 1088 1166 har
1107 1120 1389 1180 forundret
1417 1122 1537 1183 mig,
1565 1138 1733 1183 quam:
1769 1123 1865 1184 jeg
1885 1123 1982 1167 lzar
2018 1131 2171 1169 vaeret
2197 1123 2325 1183 for-

206 1214 399 1259 undret.
467 1212 630 1258 Simile
665 1218 751 1271 est,
778 1213 906 1273 quod
940 1213 1114 1257 accidit
1146 1213 1196 1256 in
1236 1209 1461 1265 feriandi
1493 1219 1542 1256 et
1577 1212 1823 1273 operandi
1857 1213 2031 1272 uerbis,
2069 1220 2123 1259 ut
2147 1212 2323 1273 feria-—

207 1310 287 1347 tus
320 1317 429 1348 sum
464 1309 514 1346 et
547 1308 784 1362 operatus
813 1317 922 1346 sum
959 1316 1048 1361 pro
1083 1301 1400 1361 praesentibus
1440 1303 1550 1347 sint.
1575 1300 1620 1363 ¹)

383 1393 530 1437 Paene
564 1391 739 1436 oblitus
772 1408 876 1436 sum
913 1391 1120 1448 Horatii,
1150 1391 1278 1449 apud
1309 1406 1450 1451 quem
1488 1393 1537 1436 in
1573 1391 1672 1437 Sat.
1707 1392 1745 1446 Ι,
1784 1394 1829 1449 6,
1869 1400 1931 1445 13
1971 1391 2109 1437 multi
2152 1392 2325 1455 legen-

204 1484 317 1528 dum
354 1488 611 1542 putarunt:
694 1479 865 1526 Ualeri
893 1497 1079 1542 genus,
1127 1480 1259 1525 unde
1296 1480 1548 1541 Superbus
1601 1480 1904 1542 Tarquinius
1943 1495 2099 1542 regno
2135 1483 2322 1543 pulsus

195 1570 331 1629 suit,
367 1572 533 1615 eadem
570 1572 808 1615 sententia
837 1586 892 1614 ac
925 1572 965 1614 si
999 1578 1151 1615 esset:
1205 1568 1389 1630 pulsus
1423 1576 1519 1628 est,
1560 1577 1613 1614 ut
1644 1572 1886 1615 euitarent
1914 1585 2125 1630 praesens
2160 1574 2320 1632 nimis,

202 1670 258 1707 ut
303 1661 588 1717 credebant,
640 1660 702 1704 ab
746 1658 828 1704 illo
874 1659 982 1704 loco
1017 1659 1309 1717 abhorrens,
1359 1656 1525 1719 fugit.
1614 1659 1796 1705 Uerum
1844 1661 2069 1721 quoniam
2116 1664 2319 1720 ostendi,

201 1750 460 1796 Horatium
491 1748 675 1810 pulsus
702 1746 817 1807 suit
850 1764 906 1793 ea
939 1748 1282 1809 significatione
1316 1748 1527 1794 scribere
1559 1764 1656 1793 non
1691 1750 1926 1809 potuisse,
1974 1756 2167 1796 utemur
2202 1767 2318 1798 uera

202 1847 251 1885 et
281 1846 412 1885 certa
442 1841 679 1899 scriptura
715 1840 776 1884 ad
818 1838 960 1884 aliam
996 1838 1128 1883 litem
1174 1838 1506 1883 dirimendam.
1581 1838 1719 1892 Patet
1752 1840 1906 1897 enim,
1959 1838 2215 1886 Horatium
2253 1841 2318 1887 li-

201 1930 361 1974 berius
396 1929 623 1988 praesenti
656 1927 884 1973 historico
919 1929 1003 1983 uti,
1037 1943 1135 1972 non
1168 1928 1217 1971 in
1251 1928 1476 1971 continua
1512 1933 1561 1971 et
1592 1928 1791 1972 incitata
1822 1930 2116 1983 narratione,
2150 1931 2234 1975 sed
2269 1932 2318 1976 in

203 2019 343 2063 breui
403 2019 473 2062 rei
526 2019 785 2076 praeteritae
839 2016 1209 2077 significatione,
1273 2031 1360 2075 per
1412 2031 1680 2075 pronomen
1733 2017 1991 2063 relatiuum
2053 2019 2320 2065 interiecta.

199 2107 329 2152 Idem
353 2107 546 2151 Persius
580 2106 697 2151 fecit
722 2107 828 2150 loco
861 2107 1114 2165 perspicuo
1141 2113 1190 2150 et
1218 2111 1366 2164 certo,
1398 2108 1448 2150 in
1480 2107 1625 2150 satira
1647 2111 1813 2166 quarta
1845 2121 1888 2152 v.
1925 2114 1979 2160 2:
2034 2106 2317 2153 Barbatum

199 2195 291 2240 hoc
342 2196 485 2241 crede
531 2195 827 2257 magistrum
865 2194 1076 2254 Dicere,
1119 2194 1322 2240 sorbitio
1362 2193 1492 2239 tollit
1535 2209 1680 2257 quem
1723 2194 1839 2240 dira
1876 2195 2062 2241 cicutoe.
2081 2196 2129 2258 2)
2204 2197 2313 2244 Non

296 2320 330 2364 ι)
379 2318 442 2354 Ab
462 2319 532 2355 hac
553 2323 699 2356 ratione
719 2331 820 2356 nuuc
842 2318 938 2355 mihi
960 2326 1122 2354 tractum
1146 2319 1313 2365 uidetur,
1339 2318 1442 2366 quod
1459 2321 1499 2354 in
1523 2318 1762 2364 prohibendo
1783 2320 1945 2355 dicitur:
1972 2333 2017 2355 ne
2038 2327 2236 2357 commotus
2255 2323 2318 2365 sis,

375 2383 422 2416 de
446 2393 523 2426 quo
544 2386 583 2416 in
604 2389 842 2417 commentat.
864 2393 936 2416 sec.
962 2382 1007 2414 de
1027 2380 1160 2414 formis
1181 2380 1357 2424 quibusd.
1379 2380 1490 2414 uerbi
1512 2380 1592 2418 Lat.
1614 2394 1649 2427 p.
1669 2394 1732 2423 22,
1757 2385 1828 2415 etsi
1860 2382 1954 2415 hanc
1987 2386 2169 2417 rationem
2193 2387 2316 2428 attigi,

373 2450 499 2477 tamen
524 2445 641 2487 magis
662 2446 702 2477 in
723 2453 803 2477 eam
823 2449 964 2487 partem
988 2441 1178 2485 disputaui
1193 2466 1203 2482 ‚
1236 2448 1278 2474 ut
1301 2440 1514 2485 perrectum
1542 2449 1740 2476 commotus
1756 2444 1824 2476 sim
1838 2466 1849 2482 ‚
1870 2441 1971 2485 quod
1990 2442 2114 2486 aliqua
2137 2453 2186 2477 ex
2209 2450 2317 2488 parte

374 2506 505 2538 actiuae
526 2502 681 2547 formae,
716 2515 798 2549 qnae
829 2511 885 2538 est
921 2502 1171 2537 commouet-im
1206 2502 1472 2546 responderet,
1507 2506 1620 2537 etiam
1647 2511 1752 2538 extra
1782 2513 1846 2536 eos
1867 2506 2048 2537 terminos
2072 2508 2105 2537 ei
2130 2511 2315 2548 aequatum

375 2570 557 2609 putarem.
627 2564 760 2608 Itaque
798 2567 909 2598 etiam
935 2574 1054 2608 quum
1083 2563 1245 2599 diciturx
1270 2575 1314 2596 ne
1338 2575 1512 2597 assensus
1531 2563 1652 2608 suetis
1697 2563 1792 2608 (Cic.
1822 2561 1941 2598 Acad.
1968 2564 2004 2598 11
2030 2564 2047 2609 ᾗ
2082 2566 2175 2607 125),
2201 2572 2315 2609 patet,

366 2624 492 2671 fueris
508 2634 587 2658 esse
613 2623 788 2658 futurum
815 2627 1053 2659 coniunctiui
1078 2625 1140 2667 (ut
1162 2636 1208 2658 ue
1223 2623 1376 2669 feceris,
1400 2623 1483 2657 uid.
1504 2623 1560 2658 ibi
1585 2635 1624 2669 p.
1651 2627 1723 2669 20),
1749 2624 1972 2659 adiunctum
1997 2628 2198 2670 panticipio
2223 2637 2317 2671 prae-

375 2687 443 2721 riti
467 2687 662 2719 notionem
687 2688 886 2720 amittenti.

293 2746 331 2790 2)
376 2746 488 2790 Fiugi
513 2752 623 2791 poeta
646 2746 741 2786 uolt,
765 2744 957 2781 Socratem
976 2745 1106 2780 adesse
1131 2751 1169 2778 et
1192 2744 1266 2779 hoc
1289 2743 1439 2786 diem-eg
1459 2742 1653 2779 Socratem
1677 2746 1805 2789 ipsum
1828 2744 2016 2790 significat
2040 2756 2310 2781 commemora-

378 2809 484 2842 tione
507 2810 569 2843 rei-
589 2809 800 2853 praeteritae,
835 2818 918 2851 quae
944 2810 985 2841 iu
1008 2817 1055 2841 eo
1079 2805 1281 2847 acciderit—3
1329 2815 1379 2840 ne
1401 2807 1489 2850 quis
1511 2808 1711 2851 imperitus
1735 2805 1809 2841 hoc
1834 2807 1910 2842 dici
1934 2814 2065 2853 putet,
2096 2818 2196 2842 nunc
2223 2818 2311 2842 enm

374 2868 473 2905 tolli.
