2608 3184
375 231 714 280 Circumsctus.
740 235 816 277 est
843 241 999 276 annus
1030 225 1338 275 uniuersitati
1367 232 1548 274 uostrae
1593 226 1722 274 inter
1764 239 1945 288 paucos
1979 233 2319 294 memorabilis,

197 324 279 387 qui
323 322 385 369 ab
419 321 502 369 illo
535 328 781 383 tempore,
812 333 909 380 quo
941 324 992 365 et
1024 332 1161 365 sacra
1192 315 1464 365 Christiana
1494 317 1544 363 in
1583 318 1740 377 patria
1771 325 1938 365 nostra
1973 321 2042 366 ad:
2078 323 2317 370 net-iorem

196 412 403 459 formam
443 416 670 459 reuocata
703 413 819 455 suut
852 414 928 461 et,
978 407 1202 454 restituta
1234 406 1505 453 animorum
1540 404 1787 466 libertate,
1837 410 2097 456 academiae
2128 413 2318 459 instau-

194 502 359 548 raudae
392 508 441 548 et
473 501 731 548 necessitas
763 504 814 543 et
846 496 1070 543 uoluntas
1106 503 1260 555 natae,
1301 498 1448 543 trium
1483 496 1768 543 saeeulorum
1804 513 2057 546 numerum
2094 502 2317 563 comple-

195 588 280 638 uit.
352 591 499 638 Cuius
531 591 603 636 rei
648 589 728 649 pie
760 588 977 648 repetita
1008 601 1038 632 a
1070 600 1185 647 rege
1216 592 1267 633 et
1299 584 1480 646 populo
1525 589 1756 633 memoria
1790 599 1937 649 quum
1971 590 2052 635 uel
2097 591 2205 637 sol&
2232 595 2316 639 in·—

193 681 375 745 signem
422 696 602 727 annum
651 676 817 725 facere
848 682 1036 739 posset,
1097 676 1299 723 accessit
1340 681 1577 736 praeterea
1621 692 1762 723 nouoe
1808 679 1981 725 domus
2027 682 2315 728 academicae

195 771 435 818 diductis
470 775 701 832 exoptata
742 767 1074 831 inauguratio,
1127 779 1237 829 quoe
1271 765 1511 827 dispersos
1552 781 1642 827 per
1673 765 1777 813 loca
1808 784 1898 814 nec
1936 774 2188 817 commoda
2222 789 2312 818 nec

193 860 426 924 elegantia
455 862 676 906 doctores
711 864 762 903 et
801 858 1050 917 discentes,
1084 857 1135 904 in
1169 856 1334 903 sedem
1368 854 1620 903 honestam
1657 862 1707 903 et
1736 863 1953 904 ornatam
1990 864 2312 922 congregauit,

192 959 254 997 nt·
283 953 554 997 animorum
601 949 990 995 coniunctionem
1037 945 1407 1007 studiorumque
1448 946 1726 992 societatem
1778 947 2009 995 domicilii
2061 950 2313 997 adiuuaret

191 1042 489 1098 communio,
524 1043 829 1084 accesserunt
862 1040 1038 1082 rerum'
1061 1043 1278 1098 quoque,
1312 1044 1419 1097 qu'oe
1449 1035 1512 1081 ad
1545 1036 1838 1082 academiam
1874 1039 2146 1098 pertinent,
2170 1041 2314 1088 insti-

189 1133 500 1192 tutorumque
533 1130 822 1176 mutationes
857 1128 1233 1188 sanctionesque⁴
1255 1130 1354 1173 non
1385 1140 1591 1187 paruum
1625 1135 1922 1173 momentum
1968 1129 2020 1174 in
2062 1136 2314 1189 posterum

190 1220 442 1268 habiturae.
511 1220 774 1280 Exspectat
810 1219 920 1264 ium>
949 1219 1018 1272 is,
1075 1231 1172 1277 quo
1216 1216 1547 1277 magistratum
1596 1217 1923 1262 academicum
1969 1226 2171 1279 gerente
2208 1218 2314 1266 haec

191 1313 298 1357 act'a
329 1316 457 1370 sunt,
496 1308 731 1356 ERICUS
761 1303 1197 1356 CHRISTIANUS
1226 1302 1568 1352 WERLAUF
1569 1306 1628 1361 F,
1670 1321 2011 1368 successorem,
2043 1324 2186 1371 quem
2222 1309 2314 1356 sibi

366 1553 621 1587 recentissima
646 1551 814 1586 editione
838 1549 1021 1584 hacteuus
1046 1554 1199 1584 secutus
1221 1554 1302 1593 est,
1351 1554 1394 1582 ut
1418 1560 1464 1583 ne
1481 1547 1615 1595 facias
1639 1550 1679 1582 iu
1707 1552 1850 1593 optimo
1877 1559 2017 1594 genere
2042 1553 2226 1587 orationis
2254 1564 2312 1587 ra·

365 1615 555 1648 tissimum
577 1623 659 1646 esse
679 1612 841 1651 dicei-en
866 1610 932 1645 sed
953 1610 1039 1645 addi
1057 1608 1230 1651 debebat,
1254 1609 1384 1655 nesae
1407 1620 1574 1655 quoque,
1598 1610 1701 1655 quod
1727 1612 2022 1654 commendatur,
2047 1614 2213 1648 solorum
2229 1625 2311 1649 esse

364 1680 574 1719 poetarum.
625 1672 717 1707 Dixi
743 1672 811 1707 illo
836 1673 921 1706 loco
945 1672 991 1706 de
1016 1669 1219 1710 Cicerone,
1245 1672 1355 1706 cuius
1379 1681 1497 1705 unum
1523 1677 1651 1714 postea
1676 1675 1828 1716 repperi
1853 1673 1981 1706 locum
2004 1677 2060 1707 sic
2084 1674 2241 1715 editum,
2269 1682 2311 1708 ut

366 1733 544 1768 uideatur
566 1742 799 1778 repugnare,
823 1732 869 1768 ad
893 1732 1010 1769 Attic.
1038 1731 1139 1773 xm,
1164 1730 1207 1764 23
1232 1738 1331 1767 extr.
1378 1731 1454 1767 Sed
1481 1734 1522 1766 iu
1547 1731 1632 1766 loco
1658 1731 1821 1767 obscuro
1847 1732 1935 1768 hinc
1962 1742 2085 1779 patet,
2112 1747 2156 1768 ne
2180 1737 2311 1769 existi-

366 1807 444 1830 mes
468 1794 750 1839 adiungendum
777 1804 858 1828 esse
883 1791 1176 1839 susperioribus.
1224 1791 1319 1828 Nam
1345 1793 1449 1839 quod
1473 1792 1519 1828 sd
1545 1791 1621 1838 Qu.
1646 1792 1764 1829 Fratr.
1792 1792 1875 1828 Lib.
1898 1797 1926 1838 1,
1953 1796 1974 1829 4
2001 1798 2084 1831 init.
2111 1795 2312 1831 scribitur:

363 1856 511 1892 Amabo
534 1862 583 1898 te,
608 1857 658 1890 mi
676 1855 822 1900 frater,
841 1869 891 1889 ne
915 1873 961 1881 -
984 1856 1164 1900 assignes,
1187 1853 1243 1888 ihi
1266 1865 1344 1887 nou
1368 1865 1437 1897 per
1462 1864 1502 1887 se
1530 1857 1687 1898 ponitur
1710 1867 1755 1887 ne
1781 1856 1959 1900 assignes,
1982 1856 2046 1889 sed
2073 1859 2112 1889 in
2136 1856 2311 1890 familiari

364 1925 539 1952 sermone
580 1914 719 1960 pendet
753 1914 801 1950 ab
840 1916 910 1950 illo
944 1914 1099 1957 amabo,
1147 1912 1465 1959 quemadmodum
1499 1914 1600 1958 apud
1633 1914 1812 1948 Plautum
1846 1923 1884 1948 et
1911 1916 2137 1949 Terentium
2170 1916 2312 1950 dicitur

365 1975 499 2010 amabo
523 1982 585 2016 te,
618 1981 661 2009 ut
676 1975 822 2021 facias.
878 1975 1011 2020 Itaque
1036 1974 1169 2009 Cicero
1194 1974 1240 2008 de
1266 1974 1400 2010 Diuin.
1424 1974 1460 2007 Π
1486 1974 1505 2018 §
1534 1985 1597 2020 127
1625 1986 1702 2008 nou
1728 1978 1916 2010 contraria
1942 1980 2069 2022 posuit
2085 1976 2235 2021 facito,
2266 1990 2311 2011 rte

357 2036 490 2084 socias
514 2047 584 2071 uec
608 2049 653 2071 ne
670 2037 808 2082 facito,
839 2037 904 2071 sed
919 2036 1059 2082 facito,
1084 2049 1129 2070 ne
1145 2035 1300 2081 feceris.
1354 2034 1467 2069 Addo
1489 2046 1602 2076 nutic,
1633 2036 1733 2080 apud
1762 2035 1915 2071 Liuium
1940 2049 1987 2072 ne
2015 2049 2133 2073 unum
2157 2038 2311 2083 quidem

363 2100 524 2144 reperiri
549 2098 768 2143 exemplum
792 2100 1049 2139 contrarium,
1077 2098 1152 2132 uisi
1176 2099 1218 2131 iu
1240 2096 1328 2131 loco
1352 2098 1576 2141 grauissime
1601 2105 1782 2141 corrupto
1808 2096 1939 2140 XXX,
1963 2102 2018 2141 45,
2044 2113 2086 2144 7,
2115 2100 2182 2135 ubi
2210 2100 2312 2134 Han·

364 2160 468 2195 nibal
495 2163 536 2194 in
561 2160 893 2194 uehementissime
927 2158 1196 2204 obiurgatione
1220 2165 1438 2192 senatorum
1470 2155 1861 2202 Carthaginiensium,
1907 2168 1950 2195 ut
1989 2172 2090 2195 nunc
2126 2163 2309 2206 scriptum

364 2229 441 2265 est,
475 2224 530 2255 sic
554 2221 749 2265 loquitur:
798 2222 875 2254 Nec
901 2232 979 2254 esse
1003 2222 1043 2255 in
1069 2232 1134 2254 uos
1157 2221 1238 2253 odio
1264 2225 1388 2253 uestro
1413 2218 1463 2252 ab
1486 2220 1667 2252 Romanis
1690 2220 1895 2253 consultum
1919 2223 2092 2256 credatis.
2150 2219 2242 2266 Quae
2269 2230 2310 2256 ut

366 2285 512 2329 possint
535 2280 609 2317 hoc
633 2280 872 2326 significare:
923 2283 1001 2317 Nec
1028 2284 1212 2322 Romanos
1236 2281 1317 2315 ideo
1341 2287 1421 2314 tam
1445 2279 1579 2314 acerbe
1606 2280 1644 2314 in
1668 2292 1734 2314 uos
1762 2282 1940 2315 statuisse
1960 2285 2213 2327 putaueritis,
2266 2291 2309 2316 ue

364 2345 487 2377 odium
512 2355 621 2376 suum
645 2343 857 2387 explerent,
892 2342 988 2386 (non
1016 2348 1175 2387 possunt
1198 2349 1345 2382 autem3
1394 2351 1505 2374 nemo
1530 2342 1633 2374 enim
1657 2351 1826 2385 unquam
1853 2344 1906 2375 sic
1936 2342 2034 2378 dixit
2059 2344 2247 2378 consulere
2269 2346 2308 2379 in

364 2404 527 2451 aliquem
552 2403 634 2437 odio
658 2403 749 2443 eius,
777 2414 847 2438 uec
872 2402 1007 2438 Liuius
1031 2404 1155 2437 odium
1180 2409 1346 2436 uestrum
1370 2401 1444 2435 hoc
1463 2400 1720 2450 significatu)
1769 2403 1834 2435 sed
1861 2411 1901 2436 ut
1928 2408 2097 2447 possint,
2123 2405 2214 2449 quid
2240 2405 2308 2438 ab·

365 2463 519 2501 surdius
557 2473 671 2507 quam
695 2461 944 2498 Hannibalem
977 2462 1109 2497 induci
1142 2462 1331 2497 Romanos
1361 2460 1626 2496 defendentem
1659 2469 1697 2495 et
1731 2462 1967 2498 crudelitatis
2000 2468 2143 2499 crimen
2181 2465 2228 2499 ab
2263 2469 2309 2500 iis

365 2525 653 2562 remoueutem?
703 2524 835 2567 Itaque
860 2523 1161 2558 emendationem
1194 2529 1339 2557 tentant
1364 2522 1541 2556 editores·
1601 2519 1676 2556 Sed
1704 2533 1780 2556 non
1809 2524 2006 2559 attendunt
2042 2526 2088 2560 ad
2115 2537 2180 2568 ea,
2226 2538 2308 2573 quae

364 2592 599 2631 sequuntur,
626 2587 665 2618 in
689 2583 830 2629 quibus
855 2584 932 2619 haec
963 2589 1060 2619 ratio
1085 2584 1313 2619 subiicitur:
1346 2583 1463 2617 Nulla
1488 2595 1626 2628 magna
1651 2585 1788 2617 ciuitas
1813 2587 1874 2618 diu
1900 2586 2085 2631 quiescere
2106 2595 2252 2634 potat,-
2276 2591 2310 2623 si

357 2648 460 2697 foris
482 2646 620 2679 hostem
647 2657 718 2679 non
743 2644 867 2687 babet,
892 2646 989 2679 domi
1010 2646 1166 2700 inuenit.
1215 2643 1301 2678 Haec
1325 2644 1434 2678 nullo
1460 2643 1573 2678 modo
1597 2655 1684 2678 cum
1709 2646 1970 2689 superioribus
1995 2648 2205 2689 cohaerenn
2245 2661 2311 2684 co-

364 2705 562 2745 haetebunt
589 2713 736 2746 autem,
761 2705 828 2740 ubi
858 2707 1093 2741 intellectum
1118 2711 1216 2748 erit,
1253 2705 1300 2740 de
1324 2705 1399 2739 otio
1423 2703 1810 2749 Carthaginiensium,
1836 2718 1912 2740 non
1942 2707 1988 2741 de
2013 2711 2095 2743 odio
2120 2710 2313 2745 Hanniba-

367 2772 443 2806 lem
470 2769 591 2812 loqui.
651 2766 780 2810 Eram,
830 2770 899 2811 qui
928 2779 1027 2802 arms
1053 2767 1236 2811 adempta,
1285 2768 1456 2800 incensas
1483 2776 1624 2809 naues,
1671 2768 1913 2802 interdictum
1939 2774 2109 2804 externis
2133 2770 2245 2806 bellis
2268 2783 2311 2806 ea

366 2832 548 2876 opinione
577 2828 876 2869 consolarentur,
912 2831 1018 2873 qussi
1043 2831 1116 2863 isto
1142 2830 1266 2873 pretio
1291 2829 1413 2862 otium
1437 2827 1568 2862 saltem
1594 2827 1827 2872 redemptum
1854 2838 1965 2865 esset.
2023 2830 2100 2865 Hos
2125 2832 2309 2866 Hannibal

365 2890 534 2926 refellit:
558 2891 637 2923 Nec
660 2896 731 2932 est,
755 2901 819 2922 cur
844 2901 910 2922 uos
933 2890 1009 2923 otio
1033 2893 1159 2922 uestro
1183 2900 1207 2922 a
1229 2888 1409 2922 Romanis
1432 2888 1636 2923 consultum
1661 2890 1836 2925 credatis.
1882 2888 2117 2928 Scriberemt
2154 2895 2231 2929 Nec
2256 2900 2311 2928 ese

365 2958 408 2988 nt
433 2961 509 2992 uos,
534 2953 567 2986 si
591 2958 740 2986 certum
765 2957 873 2992 esset,
905 2950 978 2985 hoc
1003 2949 1221 2996 significatu
1248 2953 1300 2985 ita
1323 2950 1413 2985 dici.

2028 3026 2052 3061 4
