2608 3184
2233 0 2259 36 ’1

328 152 331 155 ·
384 132 727 182 Confitendum
762 139 837 179 est
864 133 1023 196 ἰδίων,
1056 130 1177 181 nihil
1211 130 1370 180 adhue
1404 133 1466 181 de
1498 132 1593 182 hoe
1622 150 1800 197 genere
1835 132 2066 180 orationis
2098 130 2346 180 traditum

204 241 336 282 esse,
400 225 532 286 quod
566 225 819 270 ueritatem
854 225 1126 286 attingeret.
1212 222 1280 272 Et
1312 230 1475 273 tamen
1505 242 1585 273 res
1619 227 1764 274 certis
1796 231 1847 271 et
1877 221 2119 271 facillimis
2152 222 2330 286 regulis

207 314 553 375 comprehendi
583 321 747 374 potest
779 314 872 361 hoc
904 315 1073 362 modo:

379 402 444 452 A.
475 401 649 451 Omnis
677 405 1014 470 interrogatio,
1047 420 1156 466 quae
1189 412 1323 453 recta
1352 407 1571 454 oratione
1606 406 1661 454 fit
1693 403 1979 467 simpliciter
2013 418 2102 465 per
2130 403 2325 451 modum

204 494 516 542 indicatiuum
546 492 731 556 primoe
764 502 813 542 et
845 493 1007 541 teriioe
1035 508 1299 555 personoe,
1329 496 1381 542 in
1412 498 1629 544 oratione
1663 495 1857 559 obliqua
1893 495 2070 542 transit
2102 494 2153 542 in
2179 510 2328 541 accu-

203 585 410 632 satiuum
453 600 561 632 cum
608 584 864 632 infinitiuo.
924 582 1014 630 Est
1058 583 1187 630 enim
1236 583 1552 646 interrogatio
1597 584 1717 633 nihil
1752 584 1882 633 aliud
1927 585 2021 632 nisi
2065 582 2328 631 declaratio

203 674 463 733 eiusmodi,
522 677 658 722 cuius
703 683 788 721 aut
819 673 1087 720 subiectum
1132 679 1217 720 aut
1250 672 1343 720 alia
1373 675 1611 736 quaepiam
1647 690 1758 737 pars
1789 676 2066 736 ignoratur3
2128 690 2220 721 nec
2248 673 2328 722 hae

200 765 477 811 sententiae:
558 762 669 826 quis
694 761 868 823 fecit?
929 761 1052 826 quid
1083 759 1257 823 fecit?
1315 779 1407 810 cur
1436 762 1570 824 fecit
1587 762 1614 812 P
1668 771 1843 812 natura
1878 779 1967 809 sua
2007 765 2166 810 minus
2208 771 2325 813 sunt

199 853 509 903 declaratiuoe
541 869 685 917 quam
717 853 838 901 illae:
902 853 1054 902 Caius
1077 850 1238 915 fecit3
1290 852 1383 901 Ῐιοο
1404 852 1570 914 fecit,·
1615 854 1728 901 ideo
1752 853 1917 915 secit3
1968 855 2133 916 itaque
2165 855 2231 914 si,
2266 861 2322 901 ut

200 943 257 992 fit
290 925 419 1006 apud
451 942 676 1004 Latinos,
739 945 788 991 in
824 944 1052 991 continua
1086 944 1305 989 oratione
1340 943 1534 1007 obliqua
1569 947 1810 992 omittitur
1842 944 2067 1000 uerbum,
2122 959 2217 1006 quo
2249 946 2321 991 si-

201 1033 897 1096 gnificaretur‚.interrogatum
920 1049 1053 1088 esse,
1084 1034 1215 1079 unde
1230 1036 1469 1080 sententia
1503 1036 1717 1095 pendere
1748 1035 1979 1088 debebat,
2010 1035 2118 1080 iure
2151 1041 2317 1081 trans-

200 1131 320 1171 eunt
361 1125 412 1171 in
467 1139 573 1170 eam
617 1122 854 1179 formam,
916 1139 1059 1185 quam
1113 1125 1369 1170 sententiae
1412 1124 1718 1170 declaratiuae
1762 1126 1814 1171 in
1860 1126 2080 1170 oratione
2125 1124 2322 1187 obliqua

197 1213 394 1262 habent.
457 1212 616 1277 Ergo.-
662 1212 802 1271 Quid
832 1211 1028 1260 merui?
1068 1213 1213 1274 (Hoc
1243 1212 1426 1279 merui)
1463 1213 1541 1261 fit:
1600 1213 1738 1272 Quid
1759 1217 1816 1261 se
1847 1212 2126 1262 meruisse?
2177 1213 2321 1275 (Hoc

196 1320 252 1351 se
285 1303 563 1369 meruisse).

374 1395 441 1443 B.
507 1395 679 1443 Omnis
721 1394 1036 1457 interrogatio
1073 1395 1325 1442 indicatiui
1364 1395 1495 1443 modi
1534 1395 1767 1442 secundae
1792 1410 2030 1458 personae
2063 1395 2235 1442 transit
2263 1395 2316 1443 in

197 1471 587 1539 coniunctiuum,
649 1492 857 1544 mutato,
919 1485 1047 1546 quod
1094 1485 1443 1547 interrogatum
1486 1492 1600 1533 ante
1641 1502 1747 1532 esse
1790 1492 2039 1545 narratur,
2095 1491 2317 1546 tempore

196 1575 351 1622 uerbi.
419 1574 557 1634 Quid
578 1572 793 1634 fecisti?
837 1575 920 1622 fit.-
970 1572 1109 1632 Quid
1130 1572 1343 1634 fecisset
1356 1573 1384 1623 ?
1416 1576 1574 1623 Causa
1607 1577 1783 1623 retenti
1811 1583 1981 1623 contra
2015 1576 2313 1637 superiorem

194 1664 434 1726 regulam,
467 1682 573 1727 quae
607 1665 700 1712 hoc
732 1681 923 1727 quoque
956 1681 1106 1727 genus
1146 1666 1400 1727 complecti
1433 1666 1673 1722 debebat,
1715 1668 1852 1713 uerbi
1889 1667 2013 1713 finiti
2046 1664 2315 1727 formaeque

194 1755 314 1813 eius,
346 1772 455 1817 quae
483 1756 870 1817 interrogationis
910 1756 1167 1816 pendentis
1200 1758 1395 1817 propria
1429 1763 1530 1811 est,
1560 1772 1660 1803 non
1692 1755 1847 1803 solum
1883 1763 1990 1802 orta
2023 1756 2219 1802 uidetur
2250 1771 2315 1803 ex

196 1846 357 1891 studio
390 1847 596 1907 quodam
631 1861 861 1907 personas
896 1845 1035 1891 uerbi
1066 1847 1211 1891 etiam
1244 1847 1296 1892 in
1331 1845 1523 1907 obliqua
1558 1847 1785 1892 orationis
1818 1844 1976 1906 forma
2013 1844 2312 1906 significandi

193 1934 344 2000 (quod
377 1936 634 1983 discrimen
666 1934 939 1993 tolleretur,
999 1935 1040 1980 si
1082 1934 1162 1981 hic
1202 1950 1393 1997 quoque
1423 1942 1574 1982 essetz
1619 1935 1743 1998 quid
1762 1933 1996 1994 fecisse?
2054 1950 2167 1981 nam
2203 1936 2310 1996 pri-

194 2041 326 2073 mam
360 2041 614 2089 personam
648 2025 857 2072 ostendit
889 2024 1104 2072 additum
1137 2024 1423 2088 plerumque
1457 2024 1562 2087 se),
1624 2027 1709 2073 sed
1751 2027 1896 2073 etiam
1933 2042 1995 2072 ex
2029 2041 2113 2085 eo,
2165 2026 2311 2088 quod,

194 2131 344 2179 quum
378 2116 533 2164 aliena
567 2117 721 2163 oratio
754 2114 988 2176 refertur,
1031 2116 1084 2162 in
1112 2117 1197 2175 iis,
1227 2132 1335 2178 quae
1366 2117 1472 2178 quis
1506 2133 1569 2163 ex
1604 2133 1662 2162 eo
1692 2119 1823 2177 ipso,
1876 2132 2083 2178 quocum
2117 2115 2309 2162 locutus

193 2214 295 2267 est,
336 2208 678 2270 interrogauit,
723 2208 872 2269 magis
905 2208 1010 2268 ipsa
1043 2208 1372 2270 interrogandi
1405 2208 1540 2255 notio
1573 2207 1797 2255 oborit'ur
1860 2214 1917 2254 ut
1951 2208 2086 2270 quasi
2119 2222 2184 2253 ex
2216 2205 2307 2254 hac

191 2291 375 2343 latenti*
392 2299 591 2344 notione
625 2299 862 2345 sententia
894 2313 1021 2344 nexa
1055 2303 1106 2344 et
1131 2304 1246 2358 apta
1275 2299 1520 2359 procedat.

370 2385 427 2433 C.
492 2386 664 2433 Omnis
709 2388 1050 2449 interrogatio,
1119 2404 1226 2450 quae
1268 2395 1401 2435 recta
1457 2390 1677 2436 oratione
1729 2387 2089 2434 coniunctiuum
2143 2385 2307 2447 habet,

196 2491 308 2525 eum
350 2478 547 2525 modum
587 2478 640 2524 in
675 2479 894 2526 oratione
930 2477 1126 2541 obliqua
1169 2479 1369 2539 retinet,
1427 2486 1617 2527 mutato
1656 2485 1871 2538 tantum,
1926 2477 2014 2524 ubi
2054 2492 2176 2540 opus
2217 2484 2307 2538 est,

371 2611 419 2647 de
440 2612 500 2647 his
522 2610 717 2647 vocabulis
737 2615 818 2659 egit
829 2630 846 2655 ‚⁴
874 2610 1200 2659 Stuerenburgius
1231 2612 1335 2657 (post
1356 2610 1549 2646 Ciceronis
1571 2609 1689 2645 libros
1708 2609 1755 2644 de
1777 2608 1887 2655 οἰ),
1923 2610 2028 2656 quod
2055 2610 2103 2645 ab
2122 2611 2187 2645 illa
2208 2609 2301 2645 {alsa

368 2676 584 2718 negationis
602 2677 758 2709 notione
779 2674 975 2719 profectus
994 2683 1095 2718 erat,
1117 2684 1268 2716 omnes,
1291 2684 1388 2717 qnos
1407 2679 1539 2716 norst,
1570 2675 1663 2708 certi
1686 2676 1838 2717 generis
1858 2673 1986 2717 locos,
2014 2676 2054 2708 in
2074 2671 2215 2718 quibus
2235 2671 2301 2707 nel

369 2739 537 2773 maxime
562 2739 699 2773 eminet
719 2744 853 2774 natura
871 2740 1129 2784 pronominis,
1157 2733 1367 2785 generalem
1390 2731 1672 2771 affirmationem
1697 2731 1966 2780 significantis,
1994 2743 2113 2780 quum
2129 2734 2184 2769 sic
2205 2731 2302 2768 dici·

370 2802 457 2834 ture
485 2799 578 2833 milei
599 2799 765 2833 accidere
784 2805 921 2844 potest,
948 2801 1046 2848 quod
1060 2800 1232 2848 cuiquam
1252 2805 1388 2845 potest,
1421 2800 1616 2843 eorrupit;
1645 2800 1879 2843 corrupisset
1897 2797 2041 2843 plures,
2073 2799 2105 2831 si
2120 2796 2301 2831 collectos

369 2859 585 2903 habuissem
610 2860 678 2897 sed
695 2860 742 2896 de
760 2859 823 2895 his
841 2860 946 2896 alias.
