2608 3184
279 12 346 61 16

209 152 539 201 dubitabimus
572 154 745 217 igitur,
782 155 899 218 quin
929 155 1060 203 idem
1086 153 1323 203 Horatius
1350 168 1497 202 ausus
1528 154 1592 203 sit
1615 162 1727 217 post
1756 156 2143 204 coniunctionem
2174 168 2344 217 quum,

206 245 558 306 praesentisque
587 245 650 292 sit
679 246 914 306 temporis
950 245 1109 291 donat
1142 247 1195 292 in
1229 246 1328 294 Sat.
1359 244 1402 302 1,
1430 252 1476 304 2,
1509 245 1574 298 56
1610 249 1836 303 (amator
1873 243 2093 309 Originis
2126 242 2225 304 ille,
2258 243 2346 307 qui

208 332 434 395 patrium
475 333 644 379 mimoe
677 334 833 381 donat
858 333 1186 399 fundumque
1220 335 1498 399 laremque)
1536 340 1587 381 et
1626 334 1811 381 dormit
1842 337 1894 383 in
1927 337 2025 383 Sat.
2056 334 2125 393 11,
2177 343 2233 394 3,
2277 337 2364 389 61·

213 423 389 486 (quam
426 422 610 486 Fufius
645 424 809 471 ebrius
844 425 989 487 olim,
1051 426 1222 485 Quum
1260 426 1479 474 Ilionam
1511 424 1770 488 edormit),
1815 426 1989 489 quibus
2032 425 2149 474 locis
2192 427 2347 473 utitur

211 513 464 575 Zumptius
498 512 523 577 §
559 517 658 569 160
702 523 803 563 not.
852 517 914 563 ad
958 532 1223 579 syncopam
1276 518 1511 579 praeteriti
1557 513 1928 564 defendendam.
1995 516 2119 564 Eam
2162 531 2252 580 ego
2292 517 2345 564 in

212 610 385 667 quarta
431 606 794 668 coniugatione,
844 607 897 653 in
940 622 1037 669 qua
1079 606 1273 655 facilem
1308 606 1600 670 explicatum
1644 605 1793 652 habet
1827 606 2083 668 geminatae
2128 606 2343 653 eiusdem

214 692 396 739 uocalis
452 696 747 753 contractio,
803 703 988 742 certam
1036 698 1180 742 uideo
1226 712 1332 743 esse
1367 697 1494 757 apud
1528 702 1694 757 poetas
1727 702 1838 756 post
1865 699 2163 757 Augustum,
2216 694 2346 756 apud

209 780 474 843 Augusteae
522 785 680 830 oetatis
727 792 894 845 poetas
940 787 1334 845 incertissimam,
1400 792 1451 831 et
1485 791 1685 846 propter
1728 783 2061 845 exemplorum
2106 786 2156 831 in
2200 785 2344 831 tertia

209 886 417 932 persona
453 887 692 921 summam
731 876 1022 936 paucitatem
1059 876 1193 938 (nam
1228 875 1357 936 apud
1391 872 1650 937 Uirgilium
1682 874 1874 922 AEneid.
1906 873 1990 934 IX,
2020 881 2052 934 9
2087 872 2257 921 ultima
2290 874 2343 921 in

206 960 365 1022 petit,
400 963 588 1009 etiamsi
621 978 834 1023 praesens
873 970 963 1018 est,
997 971 1129 1009 recte
1159 963 1243 1009 illo
1278 979 1447 1009 uersus
1481 963 1590 1009 loco
1623 964 1951 1027 producitur,)
1987 971 2036 1010 et
2071 965 2198 1026 quod
2234 962 2344 1009 redi

213 1056 264 1096 et
298 1050 472 1097 similia
505 1053 556 1097 in
586 1053 746 1112 prima
779 1067 988 1112 persona
1020 1068 1119 1099 non
1153 1052 1361 1113 habent3
1412 1053 1463 1098 in
1500 1052 1658 1112 prima
1693 1058 1856 1097 autem
1892 1061 1942 1100 et
1974 1054 2186 1099 secunda
2220 1068 2342 1099 con-

210 1141 457 1202 iugatione
501 1155 701 1202 prorsus
749 1157 875 1203 nego
930 1141 1092 1188 locum
1133 1141 1317 1188 habere
1368 1140 1476 1203 (cfr.
1516 1141 1571 1187 F.
1616 1139 1809 1188 Ritteri-
1840 1140 2079 1188 Element.
2123 1141 2342 1188 Gramm.

210 1229 319 1276 Lat.
354 1244 402 1291 p.
440 1228 586 1293 142),
650 1232 896 1294 mirorque
943 1233 1153 1278 maxime
1191 1247 1297 1277 eam
1343 1231 1543 1292 probari
1583 1232 1798 1291 potuisse
1840 1233 1891 1277 in
1936 1233 2093 1292 prima
2138 1246 2344 1292 persona

211 1317 414 1380 pluralis
436 1321 642 1379 numeri,
675 1321 759 1368 ubi
784 1337 928 1368 omne
961 1320 1229 1368 formarum
1254 1321 1509 1383 praesentis
1534 1326 1583 1367 et
1611 1321 1847 1382 praeteriti
1867 1320 2123 1368 discrimen
2145 1319 2346 1380 tollitur,

214 1424 275 1456 ne
298 1414 519 1471 tempore
543 1410 736 1472 quidem
760 1410 940 1458 uocalis
966 1411 1285 1473 discrepante.
1355 1409 1572 1457 Terentii
1595 1410 1807 1473 quidem,
1844 1411 1925 1472 qui
1959 1411 2147 1472 citatur,
2182 1410 2345 1458 locum

211 1497 440 1560 (Adelph.
470 1498 551 1556 111,
584 1508 632 1560 3,
666 1507 752 1554 10:
801 1515 994 1546 omnem
1031 1514 1138 1546 rem
1172 1499 1318 1546 modo
1343 1499 1466 1555 seni,
1492 1514 1590 1561 quo
1605 1506 1760 1561 pacto
1789 1498 2010 1557 haberet,
2043 1514 2343 1547 enarramus

212 1587 404 1650 ordine)
437 1590 758 1638 certissimum
793 1590 974 1636 habere
1008 1604 1244 1651 praesens,
1285 1588 1570 1650 intelligitur
1604 1595 1884 1649 comparato
1915 1589 2058 1636 simili
2094 1592 2343 1652 particulae

210 1676 358 1721 modo
385 1691 478 1722 usu
507 1678 558 1723 in
593 1677 773 1739 Hecyr.
799 1677 888 1736 ΙΙΙ,
944 1684 999 1738 5,
1041 1685 1100 1732 8:
1163 1677 1375 1724 aduenis
1408 1674 1599 1723 modo?
1651 1683 1700 1723 et
1730 1678 1781 1723 in
1814 1675 2019 1739 Adelph.
2049 1679 2138 1738 111,
2188 1688 2243 1738 1,
2288 1686 2342 1732 2:

211 1765 360 1810 modo
395 1763 594 1811 dolores
631 1766 878 1829 occipiunt
903 1766 1215 1829 primulum,
1253 1782 1316 1812 ex
1342 1767 1515 1829 quibus
1546 1765 1663 1812 locis
1699 1765 1814 1812 olim
1849 1767 2148 1827 efficiebant,
2195 1768 2342 1814 modo

210 1869 318 1901 esse
350 1869 497 1900 nune.
567 1855 697 1919 (Uid.
730 1857 958 1917 disputat.
990 1872 1149 1902 meam
1186 1857 1246 1901 de
1269 1854 1477 1901 Asconio
1512 1870 1559 1915 p.
1593 1856 1690 1908 136
1723 1861 1823 1900 not.
1855 1854 1926 1916 4).
1992 1857 2341 1903 concedendus

210 1951 284 1991 est
310 1946 460 2009 igitur
487 1946 644 2006 poetis
678 1944 877 1992 liberior
905 1946 985 1992 hic
1019 1952 1070 1991 et
1095 1946 1325 1991 audacior
1354 1959 1469 1990 usus
1505 1946 1739 2006 praeteriti
1771 1944 1999 2005 historici,
2035 1962 2177 2009 quem
2213 1949 2342 1994 intra

208 2034 328 2081 fines
382 2033 529 2096 paulo
585 2036 814 2081 arctiores
860 2050 924 2081 ne
978 2050 1138 2097 prosae
1185 2035 1380 2097 quidem
1437 2035 1666 2080 orationis
1723 2035 2039 2095 scriptoribus
2093 2038 2338 2098 eripimus,

208 2124 587 2185 fatendumque,
619 2126 822 2171 eandem
857 2126 1096 2171 rationem
1130 2125 1311 2171 habere
1334 2122 1526 2184 flemus
1561 2125 1690 2184 apud
1723 2124 2032 2185 Propertium
2067 2126 2130 2185 II,
2179 2132 2234 2186 7,
2283 2135 2341 2188 23

209 2213 497 2273 expellenda
545 2229 665 2260 uero
703 2223 920 2262 monstra
962 2215 1069 2273 illa,
1122 2230 1230 2277 quae
1267 2213 1540 2276 finguntur,
1593 2211 1923 2275 perfectorum
1966 2213 2136 2263 irritat
2192 2213 2341 2279 (apud

206 2303 491 2350 Lucretium
529 2303 565 2363 I,
598 2303 705 2366 71),
742 2303 1033 2359 conturbat,
1066 2312 1180 2352 cett.
1199 2302 1242 2367 ¹)

306 2642 342 2681 ι)
389 2638 731 2677 Grammaticorum
756 2648 932 2677 ueterum
957 2642 998 2676 in
1025 2639 1094 2676 hac
1119 2652 1173 2684 re,
1202 2640 1271 2676 ubi
1295 2642 1478 2686 quaeritur
1504 2640 1551 2674 de
1576 2651 1616 2676 re
1640 2641 1768 2688 aliqua
1802 2645 1988 2679 sermonis
2013 2643 2127 2689 longe
2152 2646 2343 2690 antiquio-

388 2703 442 2735 ris
458 2727 470 2745 ,
493 2712 576 2746 quae
602 2712 653 2737 ex
681 2706 870 2748 scriptura
895 2703 1061 2747 intelligi
1084 2713 1164 2737 non
1192 2709 1366 2748 poterat,
1393 2702 1499 2736 nulla
1523 2710 1649 2747 potest
1673 2713 1753 2739 esse
1777 2707 1993 2739 auctoritas.
2042 2704 2189 2741 Nomen
2213 2704 2342 2742 formae

387 2760 527 2796 dabant
552 2772 602 2797 ex
627 2763 775 2808 uolgari
801 2765 974 2806 syntaxis
1006 2763 1151 2807 regula.
1208 2763 1306 2798 Dixi
1328 2765 1462 2805 initio,
1511 2774 1590 2798 non
1613 2763 1805 2807 dubitari,
1852 2767 1947 2810 quin
1971 2764 2077 2800 aliud
2100 2768 2150 2800 sit
2173 2774 2342 2803 amatum

389 2835 480 2865 ease,
504 2823 610 2859 aliud
622 2823 758 2871 fuisse.
806 2824 925 2869 Apud
950 2822 1106 2859 Liuium
1128 2827 1251 2870 igitur
1273 2829 1341 2867 111,
1365 2824 1423 2871 59,
1447 2838 1468 2873 9
1494 2827 1548 2860 sic
1572 2825 1691 2861 uerba
1716 2829 1988 2872 interpunges:
2025 2827 2168 2870 Fuisse,
2191 2828 2342 2876 regibus

390 2885 543 2926 exactis,
566 2886 749 2933 patricios
773 2887 1037 2935 magistratus,
1065 2893 1210 2924 creatos
1228 2894 1362 2935 postea
1384 2905 1432 2916 —
1450 2886 1626 2935 plebeios.
1677 2886 1800 2934 Uulgo
1825 2894 1905 2925 est:
1937 2887 2068 2926 Fuisse
2091 2896 2245 2928 creatos.
