2608 3184
325 49 389 96 14

261 193 456 238 Liuium
497 192 621 240 libro
654 193 827 250 XXX,
862 194 943 250 26,
980 202 1036 254 9:
1105 194 1310 244 Cautior
1353 202 1521 242 tamen
1568 210 1718 259 quam
1752 195 2040 258 promptior
2083 194 2392 243 hie-habitas

252 281 379 340 fuit.
452 283 547 330 Sed
582 286 736 331 codex
772 284 1106 346 Florentinus,
1151 293 1259 348 post
1293 286 1622 347 Puteaneum,
1669 287 1729 333 de
1763 302 1857 348 quo
1893 286 2014 333 nihil
2049 288 2308 334 adnotatur
2340 294 2390 334 et

261 375 341 434 qui
374 389 546 434 parum
571 375 827 436 diligenter
862 375 1061 421 collatus
1090 384 1176 436 est,
1214 377 1354 437 longe
1389 379 1616 437 optimus,
1647 384 1776 423 recte
1803 379 1981 423 omittit
2002 376 2169 436 suit.
2239 375 2390 423 Libro

262 462 349 521 ΙΙΙ,
384 470 475 522 24,
514 473 599 522 10,
633 465 715 510 ubi
752 467 935 511 editur:
989 467 1218 513 Fuerunt
1250 483 1397 512 censa
1431 466 1616 512 ciuium
1644 466 1815 528 capita
1846 464 1954 521 &c.,
1987 468 2091 527 ipse
2126 467 2388 513 uerborum

260 554 380 599 ordo
417 555 731 615 (ineptissime
770 557 897 601 enim
927 557 1132 603 uerbum
1161 557 1513 603 substantiuum
1550 559 1708 617 primo
1741 557 1845 603 loco
1880 555 2122 618 ponitur,)
2158 557 2387 603 mendum

261 644 442 703 arguit,
490 644 678 688 codices
715 644 968 704 permulti,
1015 646 1227 691 detracta
1265 661 1359 691 una
1394 646 1577 704 littera,
1629 645 1829 692 tollunt:
1893 645 2040 707 idque
2083 645 2295 691 lustrum
2326 644 2390 691 ab

264 730 456 793 origine
518 731 653 778 urbis
716 733 959 780 decimum
1016 735 1267 781 conditum
1313 734 1515 794 serunt.
1620 735 1779 781 censa
1831 734 2011 781 ciuium
2072 734 2243 795 capita
2300 732 2391 782 &a

266 822 538 883 Perpetuus
586 822 713 869 Liuii
758 840 870 870 usus
915 827 964 872 in
1013 825 1288 871 huiusmodi
1326 825 1537 871 numeris
1584 825 1807 870 notandis
1855 824 2086 886 postulat,
2138 831 2192 870 ut
2235 825 2391 886 primo

265 912 372 957 loco
418 919 626 973 ponatur
680 913 852 961 Censa.
955 915 1128 960 Restat
1185 914 1317 960 locus
1376 916 1427 959 in
1488 920 1704 959 extrema
1762 922 1900 974 parte
1952 915 2102 974 Liuii,
2177 930 2284 976 quae
2331 915 2392 960 ab

267 1018 365 1047 uno
412 1003 576 1047 codice
626 1001 1017 1051 Laurishamensi
1070 1005 1271 1065 pendet,
1329 1004 1543 1049 nondum
1591 1004 1704 1049 satis
1753 1003 2009 1066 diligenter
2062 1004 2393 1065 explorato,¹)

264 1090 374 1136 libr.
424 1089 586 1150 XLV,
637 1100 727 1147 22,
780 1096 840 1146 6:
907 1094 1001 1138 sed
1047 1109 1080 1138 a
1135 1092 1275 1139 uobis
1314 1091 1555 1154 prohibiti
1589 1100 1841 1154 proestare
1878 1092 2110 1151 suimus,
2162 1094 2244 1140 ubi
2295 1109 2392 1139 non

267 1194 440 1224 sumus
482 1182 833 1228 restituendum
880 1189 976 1241 est,
1042 1183 1276 1245 (manebit
1323 1184 1478 1240 enim,
1537 1197 1631 1243 qua
1680 1198 1778 1228 non
1828 1184 1984 1228 minus
2039 1184 2266 1229 mendum
2313 1199 2396 1228 ar·-

269 1271 456 1328 guitur,
525 1271 698 1316 uitiosa
762 1272 1024 1319 uerborum
1080 1272 1354 1319 collocatio:
1425 1269 1666 1332 prohibiti
1710 1279 1964 1332 proestare
2020 1270 2235 1333 sunum)
2311 1273 2394 1317 sed

268 1359 605 1405 scribendum:
664 1361 755 1406 sed
805 1377 839 1405 a
884 1361 1024 1407 uobis
1069 1360 1311 1423 prohibiti
1360 1367 1613 1423 proestare
1660 1359 2076 1422 nequiuimus.
2143 1362 2393 1422 Zumptius

269 1449 412 1494 etiam
473 1448 789 1498 Ciceroniano
853 1452 1130 1498 testimonio
1189 1452 1343 1498 utitur
1411 1450 1474 1496 ad
1534 1450 1784 1512 utriusque
1840 1449 2012 1497 formae
2069 1452 2395 1512 promiscuum

268 1554 412 1583 usum
449 1540 826 1599 ostendendum3
890 1557 1058 1586 uerum
1096 1542 1146 1587 in
1186 1557 1269 1598 eo,
1321 1556 1465 1601 quem
1502 1541 1645 1598 citat,
1694 1539 1828 1595 loco,
1882 1556 1971 1600 pro
2006 1539 2203 1586 Plancio
2239 1556 2280 1586 ο.
2316 1548 2395 1598 20,

271 1635 363 1686 50,
431 1630 585 1674 codex
637 1632 873 1689 optimus,
941 1629 1268 1684 Erfurtensis,
1328 1645 1426 1674 non
1484 1628 1753 1690 repudiata
1795 1626 1937 1687 fuit,
2000 1629 2086 1674 sed
2129 1628 2398 1690 repudiata

270 1723 346 1761 est
391 1718 622 1777 scriptum
669 1718 841 1778 habet3
899 1719 1042 1765 ualde
1100 1735 1292 1777 uereor,
1361 1726 1417 1764 ut
1461 1725 1592 1764 recte
1646 1719 1800 1764 codex
1845 1719 2109 1763 Bauaricus
2156 1719 2399 1778 inspectus

267 1808 345 1852 sit.
422 1806 554 1852 Idem
590 1809 817 1853 mendum
853 1807 1008 1853 haeret
1041 1810 1092 1854 in
1127 1807 1396 1867 Philippica
1431 1807 1505 1864 V,
1560 1812 1647 1865 17,
1689 1812 1782 1865 47,
1836 1807 1918 1852 ubi
1953 1806 2142 1852 codices
2177 1806 2399 1868 uolgares

269 1895 453 1942 habent
487 1895 704 1941 extincta
728 1895 872 1954 ficit,
900 1897 1164 1943 Vaticanus
1199 1895 1417 1941 extincta
1446 1903 1586 1954 sunt,
1629 1897 1679 1942 id
1714 1903 1812 1954 est,
1846 1893 2135 1955 extinctast3
2192 1911 2304 1941 narn
2339 1911 2401 1942 ex

268 1985 360 2031 hac
404 1986 644 2044 scriptura
689 1986 867 2031 menda
912 1984 994 2031 illa
1036 1993 1142 2031 orta
1175 1991 1311 2043 sunt,
1370 2000 1516 2045 quum
1564 1991 1640 2030 est
1683 1986 1857 2045 partim
1898 1986 2123 2030 transiret
2172 1985 2223 2030 in
2271 1992 2404 2043 sunt,

271 2076 473 2132 partim,
509 2076 620 2134 quia
649 2074 742 2119 hoc
777 2073 896 2119 ferri
930 2091 1028 2119 non
1062 2080 1278 2133 poterat,
1309 2074 1633 2132 omitteretur,
1667 2074 1840 2120 deinde
1863 2071 2403 2133 suit‘subiicereturst)

271 2162 439 2223 Itaque
474 2164 618 2208 etiam
652 2164 702 2209 in
739 2165 957 2209 oratione
986 2179 1077 2223 pro
1113 2163 1256 2208 Font.
1294 2163 1371 2220 16,
1407 2166 1486 2219 34,
1521 2178 1668 2222 quum
1701 2163 1890 2208 codices
1924 2161 2187 2207 haberent:
2224 2168 2279 2207 ut
2312 2160 2403 2208 illa

270 2250 595 2313 (Macedonia)
622 2260 721 2312 per
758 2251 891 2297 hunc
923 2268 957 2297 α
1001 2252 1248 2300 Thracum
1282 2249 1508 2296 aduentu
1542 2266 1604 2295 ac
1638 2249 2026 2312 depopulatione
2061 2247 2303 2311 defensa,
2332 2250 2403 2297 sic

275 2338 395 2400 &c.,
423 2342 518 2388 iam
555 2340 774 2388 Faernus
809 2349 858 2388 et
892 2341 1158 2389 Lambinus
1189 2342 1435 2401 uiderant,
1479 2339 1788 2386 scribendum
1820 2356 1923 2387 esse
1957 2337 2246 2400 defen-east,
2284 2356 2404 2403 qnos

274 2429 486 2476 Orellius
521 2437 714 2476 secutus
750 2437 851 2491 est;
907 2433 1055 2478 ceteri
1089 2431 1168 2477 hic
1216 2444 1407 2492 quoque
1441 2442 1645 2490 prauum
1680 2428 1799 2476 illud
1834 2427 2049 2490 defensa
2074 2427 2190 2489 suit
2225 2429 2405 2476 effece-

272 2527 397 2566 rant.
469 2520 701 2581 Superest
735 2520 1045 2583 Propertius,
1080 2521 1211 2582 apud
1244 2534 1389 2585 quem
1423 2517 1498 2564 his
1531 2517 1693 2564 uerbis
1726 2518 1816 2583 (Π,
1850 2528 1942 2580 32,
1974 2518 2051 2582 2):
2104 2499 2338 2566 Portiotis
2371 2534 2405 2565 ιι

370 2676 401 2715 ι)
449 2672 618 2709 Plurima
637 2675 791 2718 egregie
813 2685 863 2710 ex
884 2684 930 2709 eo
948 2673 1195 2720 Kreyssigius
1214 2661 1457 2715 ernendaum
1477 2671 1543 2708 sed
1564 2674 1645 2718 ipsu
1666 2672 1807 2709 codicis
1827 2675 2044 2710 testimonia
2075 2672 2246 2709 nondum
2277 2672 2405 2718 edidit,

452 2743 503 2767 ex
525 2733 665 2779 quibus
680 2735 866 2769 nonnulla
889 2737 1095 2770 etiamnum
1116 2734 1307 2770 emendari
1327 2739 1521 2778 poterunt,
1544 2733 1630 2776 alia,
1648 2735 1681 2768 si
1701 2744 1781 2767 nou
1800 2733 2007 2775 emendari,
2041 2741 2080 2768 at
2097 2736 2270 2778 coargui·

370 2806 406 2844 2)
454 2801 550 2836 Dixi
571 2801 617 2836 de
636 2801 711 2836 hoc
730 2812 871 2847 genere
890 2802 1018 2838 mendi
1041 2806 1082 2838 in
1101 2800 1245 2849 Opusc.
1268 2803 1363 2836 meis
1385 2799 1503 2837 Acad.
1524 2812 1560 2846 p.
1590 2801 1683 2842 1843
1716 2803 1771 2837 nic
1789 2803 1831 2836 in
1851 2799 1990 2836 Catone
2014 2801 2032 2845 5
2056 2802 2103 2835 65
2132 2800 2256 2835 codex
2275 2802 2405 2846 regius

454 2860 570 2898 habet
589 2869 738 2898 morata
766 2869 855 2898 sunt
874 2873 944 2909 pro
967 2870 1153 2899 moratast
1166 2875 1181 2905 ,-
1220 2862 1350 2905 ceteri:
1360 2860 1522 2897 uerbum
1541 2863 1735 2898 omittunt.
1782 2861 1841 2898 De
1861 2860 1947 2899 Nat.
1971 2860 2087 2897 neor.
2110 2872 2124 2897 ι
2153 2861 2171 2907 5
2190 2860 2236 2908 95
2257 2862 2322 2898 alii
2340 2872 2404 2897 co·

458 2923 557 2960 dices
579 2922 721 2960 habent
737 2926 891 2961 dicenda
913 2932 1016 2969 sunt,
1048 2927 1116 2962 alii
1143 2925 1299 2962 dicenda
1320 2923 1371 2960 sit
1390 2935 1461 2970 pro
1483 2924 1689 2964 dicendast,
